3400 5254
303 374 344 438 76
824 367 961 424 amonius.

300 547 434 611 eundem
457 569 584 612 servum
606 546 639 609 in
666 545 848 610 libertatem
872 544 1065 624 vindicabat,
1090 547 1197 611 dicens
1215 548 1370 630 quaedam
1386 546 1485 612 verba

301 652 475 716 sollemnia.
500 688 543 698 —
567 651 627 715 Illa
651 650 748 714 etiam
773 672 847 733 pars
871 649 1009 714 faciendi
1033 650 1126 715 liberi
1149 657 1206 730 est,
1239 655 1265 716 si
1289 653 1361 737 quis
1385 689 1426 698 -
1450 652 1484 715 in

301 757 486 821 testamenti
508 757 589 821 serie
612 777 738 820 servum
764 777 855 818 suum
880 754 1016 820 liberum
1042 757 1214 840 scripserit.
1262 757 1390 838 (288),

365 849 427 927 ⁸ero
451 863 470 926 i.
490 867 514 926 2
536 864 579 926 ud
602 883 627 926 o.
652 865 747 937 3‚14.
785 859 902 923 Tribus
926 896 967 906 -
991 861 1093 924 modis
1116 883 1197 925 uxor
1213 861 1401 939 habebatur,
1424 884 1484 925 usu

301 966 404 1031 farreo
428 970 648 1052 coemptione3
673 967 726 1031 sed
750 964 964 1029 confarreatio
988 966 1064 1030 solis
1087 967 1293 1050 pontificibus
1317 967 1483 1032 convenie-

304 1073 366 1138 bat,
414 1072 501 1148 Quae
525 1076 631 1136 autem
655 1071 688 1134 in
711 1091 840 1134 manum
865 1091 921 1152 per
936 1071 1166 1152 coemptionem
1183 1075 1406 1149 convenerant,
1430 1091 1485 1134 eae

302 1177 562 1243 matresfamilias
586 1177 801 1252 vocabantur,
831 1197 912 1258 quae
935 1197 1009 1239 vero
1033 1197 1091 1238 usu
1115 1175 1164 1238 vel
1188 1175 1302 1253 farreo,
1326 1176 1484 1240 minime1.

303 1283 467 1366 Ooemptio
490 1305 565 1347 vero
589 1282 684 1346 certis
708 1277 978 1344 sollemnitatibus
1001 1280 1225 1365 peragebatur,
1250 1285 1282 1344 et
1297 1303 1364 1344 sese
1380 1282 1413 1344 in
1430 1303 1483 1344 co-

302 1388 434 1452 emendo
467 1387 602 1452 invicem
630 1385 886 1469 interrogabant,
910 1384 960 1448 vir
982 1384 1045 1448 ita:
1080 1407 1121 1448 an
1144 1385 1204 1448 sibi
1228 1384 1342 1448 mulier
1365 1389 1485 1449 mater-

303 1493 440 1557 familias
464 1515 530 1558 esse
554 1491 674 1556 vellet?
721 1490 782 1554 Illa
798 1490 1011 1573 respondebat
1028 1489 1118 1554 velle.
1155 1489 1236 1555 Item
1253 1491 1368 1554 mulier
1382 1491 1485 1554 inter·

303 1598 453 1682 rogabat:
478 1620 519 1661 an
543 1598 591 1661 vir
614 1597 677 1660 sibi
701 1595 933 1679 paterfamilias
957 1616 1024 1658 esse
1040 1594 1161 1659 vellet?
1196 1596 1255 1661 Ille
1274 1595 1486 1679 respondebat

304 1701 419 1767 vellet.
441 1739 485 1750 -
517 1701 617 1777 Quam
641 1701 887 1766 sollemnitatem
920 1700 954 1762 in
978 1701 1043 1763 suis
1066 1700 1224 1763 institutis
1247 1699 1407 1784 Ulpianus
1430 1723 1485 1765 ex-

303 1807 404 1890 ponit.
452 1807 561 1890 (299.)
608 1807 663 1870 Ex
686 1808 821 1872 Boetbio
846 1805 941 1870 sobet.
973 1805 1161 1886 Verpiliono
1184 1808 1227 1870 ad
1250 1808 1328 1870 Aen.
1353 1812 1462 1884 4,21.4.

390 1935 429 1976 ear
445 1914 465 1977 l.
482 1919 507 1977 2
529 1913 572 1976 od
588 1934 612 1977 c.
629 1918 660 1988 4,
675 1917 726 1976 19.
763 1903 939 1994 Siquando
956 1910 1128 1974 divortium
1145 1911 1375 1975 intercessisset
1391 1911 1486 1994 culpa

302 2017 455 2097 mulieris,
480 2021 571 2102 parte
595 2017 731 2102 quadam
755 2017 839 2080 dotis
863 2037 921 2100 pro
937 2016 1111 2080 liberorum
1127 2037 1259 2080 numero
1275 2017 1484 2080 multabatur.

304 2121 350 2186 De
374 2145 494 2206 quare
518 2122 637 2186 Paulus
666 2122 889 2186 institutorum
913 2121 933 2184 l.
959 2120 991 2185 ll
1014 2121 1111 2186 titulo
1135 2122 1173 2186 de
1196 2121 1324 2185 dotibus
1349 2121 1396 2185 ita
1419 2122 1485 2186 dis-

302 2229 417 2292 seruit:
442 2227 486 2293 ‘Si
510 2229 684 2293 divortium
707 2231 754 2291 est
777 2227 985 2304 matrimonii,
1010 2231 1041 2291 et
1064 2226 1124 2291 hoc
1148 2225 1216 2289 sine
1232 2226 1326 2308 culpa
1343 2227 1486 2291 mulieris

304 2333 423 2396 factum
446 2337 503 2410 est,
528 2333 583 2398 dos
606 2333 733 2418 integra
749 2337 924 2416 repetetur3
949 2334 1032 2415 quod
1052 2333 1078 2396 si
1095 2333 1188 2415 culpa
1204 2330 1347 2395 mulieris
1364 2331 1487 2396 factum

303 2443 352 2502 est
375 2439 557 2517 divortium,
582 2439 615 2501 in
639 2438 783 2522 singulos
807 2435 923 2501 liberos
947 2441 1037 2500 sexta
1061 2460 1133 2520 pars
1158 2438 1241 2500 dotis
1266 2433 1416 2500 amaiito
1433 2459 1484 2500 re·

304 2545 424 2607 tinetur
446 2565 545 2627 usque
568 2544 607 2607 ad
629 2543 766 2608 mediam
792 2542 1100 2626 partemdumtaxat
1115 2541 1219 2606 dotis)
1266 2539 1380 2619 Quare,
1405 2563 1486 2624 quo-

305 2649 390 2712 niam
416 2648 498 2732 quod
523 2670 561 2711 ex
585 2649 659 2712 dote
683 2647 894 2731 conquiritur,
919 2647 1092 2711 liberorum
1117 2651 1174 2722 est,
1199 2645 1253 2728 qui
1270 2645 1362 2708 liberi
1377 2646 1410 2709 in
1428 2669 1486 2729 pa·

305 2754 363 2818 tris
387 2757 545 2836 potestate
568 2757 652 2831 sunt,
678 2753 707 2816 id
725 2753 808 2836 apud
826 2753 928 2815 virum
946 2773 1072 2816 neeesse
1089 2754 1136 2814 est
1152 2771 1347 2833 permanere.
1375 2747 1484 2832 (303.)

391 2879 428 2922 ee
452 2857 512 2922 t2
536 2858 579 2922 ud
602 2879 627 2920 e.
645 2863 674 2934 4,
690 2861 745 2921 23.
781 2854 942 2940 Usuoapio
967 2861 1015 2920 est
1038 2840 1165 2939 adeptio
1189 2855 1321 2919 dominii
1338 2876 1393 2938 per
1409 2876 1485 2919 oon-

304 2960 514 3024 tinuationem
544 2961 646 3024 iustae
677 2959 883 3043 possessionis
921 2959 1039 3023 biennii
1071 2965 1127 3023 ant
1157 2959 1291 3024 alicuius
1321 2957 1484 3041 temporis.

304 3064 519 3128 Plurimarum
551 3064 652 3148 igitur
684 3087 790 3128 rerum
822 3065 973 3148 usucapio
1004 3088 1110 3129 annua
1140 3069 1200 3140 est,
1234 3069 1271 3128 ut
1294 3064 1321 3128 si
1344 3065 1415 3148 quis
1440 3063 1485 3128 eis

304 3308 387 3363 batur
406 3323 487 3376 super
508 3309 593 3376 eaput
613 3323 717 3370 eornm,
737 3307 785 3375 qui
804 3305 1089 3360 manumittebantur.
1129 3307 1170 3374 Of.
1191 3307 1259 3360 [sid.
1273 3310 1369 3373 9,4,48,
1397 3306 1484 3360 ZGR.

303 3399 382 3463 2,z50
399 3412 455 3463 sqq.

374 3485 398 3548 l)
419 3483 473 3537 Cic.
483 3489 537 3551 top.
549 3486 625 3550 5314:
644 3483 736 3537 Genus
755 3486 797 3538 est
811 3501 887 3548 uxor,
907 3483 965 3538 eius
977 3484 1050 3540 dnae
1062 3486 1184 3552 formae3
1203 3501 1260 3538 una
1274 3482 1483 3537 matrumfami-

305 3571 366 3634 lias,
385 3587 434 3624 eae
455 3573 520 3623 sunt
539 3586 611 3638 quae
630 3569 661 3623 in
680 3588 796 3624 manum
815 3575 1021 3637 convenerunt;
1042 3574 1134 3628 altera
1147 3589 1250 3635 earum,
1273 3588 1345 3640 quae
1358 3573 1486 3624 tantum-

305 3658 386 3713 modo
401 3675 498 3712 uxores
509 3658 659 3712 habentur.
687 3659 755 3713 Geli.
768 3662 869 3727 18,6,9:
888 3662 1008 3714 matrem
1027 3659 1149 3714 familias
1164 3659 1337 3729 appellatam
1352 3674 1409 3711 esse
1422 3673 1486 3712 eam

305 3743 403 3811 solam,
425 3743 547 3812 quaein
566 3745 662 3799 mariti
684 3765 769 3801 manu
788 3748 986 3818 mancipioque
1004 3750 1055 3802 aut
1073 3747 1101 3801 in
1122 3748 1188 3810 eius,
1211 3747 1240 3800 in
1261 3746 1337 3800 euius
1357 3743 1485 3808 maritus,

306 3847 393 3886 manu
412 3832 606 3902 mancipioque
625 3836 708 3898 esset,
733 3835 867 3904 qnoniam
888 3853 943 3890 non
963 3835 994 3888 in
1012 3834 1225 3890 matrimonium
1243 3835 1366 3896 tantum,
1386 3831 1433 3884 sed
1453 3829 1484 3884 in

304 3919 444 3974 familiam
463 3935 572 3987 quoque
591 3919 688 3974 mariti
709 3922 738 3974 et
760 3922 789 3974 in
809 3921 851 3974 sui
871 3921 981 3976 heredis
995 3921 1085 3976 locum
1099 3923 1228 3976 venisset.
1257 3919 1485 3974 SeruiusinAea.

304 4007 400 4071 11‚476
416 4013 560 4075 postquam
579 4008 643 4061 boec
662 4009 805 4075 rescripsit
822 4008 913 4062 addit:
933 4008 982 4064 alii
1002 4039 1036 4049 -
1055 4007 1287 4063 matresfamilias
1306 4005 1418 4060 -illas
1433 4005 1487 4076 (di-

303 4097 388 4164 eunt),
408 4095 528 4163 quaein
547 4093 760 4150 matrimonium
780 4112 830 4165 per
849 4097 1055 4166 coemptionem
1074 4098 1271 4151 convenerunt.
1303 4095 1371 4150 Isioi.
1386 4097 1487 4160 9.7‚13:
1576 4150 1579 4154 ,

304 4183 542 4248 matresfamilias,
569 4183 636 4253 quia
654 4184 713 4237 iam
733 4201 783 4254 per
801 4185 947 4254 quandam
966 4185 1035 4238 iuris
1054 4185 1274 4240 sollemnitatem
1293 4183 1322 4237 in
1343 4181 1486 4236 familiam

303 4270 400 4324 mariti
424 4270 606 4326 transierunt.
635 4302 668 4312 -
696 4271 723 4342 2)
746 4271 797 4327 (lic.
818 4273 850 4326 cle
869 4276 1091 4340 orot.1,56,237:
1119 4288 1208 4340 neque
1225 4271 1299 4325 illud
1318 4273 1360 4325 est
1379 4270 1488 4324 miran-

302 4359 378 4424 dum,
396 4358 445 4428 qui
466 4358 566 4429 quibus
585 4360 677 4414 verbis
690 4362 827 4432 coemptio
840 4361 899 4427 fiat,
920 4361 1034 4425 nesciat,
1054 4357 1183 4414 eiundem
1199 4358 1257 4413 eius
1271 4357 1397 4412 mulieris
1410 4373 1485 4426 qnae

304 4448 506 4517 coemptionem
524 4446 631 4512 feeerit,
650 4465 763 4502 causam
781 4465 862 4518 posse
882 4447 1040 4502 defendere.
