3386 5240
300 377 340 438 12
783 373 870 442 Leges
888 374 991 443 regiae.

295 551 407 616 nuario
424 551 509 616 dedit
523 589 575 616 —.
610 550 776 617 Ianuarius
792 552 902 637 igitur,
928 551 1059 635 Aprilis,
1084 549 1203 627 Iunius,
1229 547 1369 628 Sextilia,
1395 547 1473 632 Sep·

295 656 427 736 tember,
450 655 641 734 November,
666 656 847 734 December,
870 653 1030 720 XXVIIII
1055 655 1264 720 censebantur
1283 655 1408 729 diebus;
1433 689 1473 702 -

295 759 431 824 Martius
454 783 542 838 vero,
573 759 687 837 Maius,
716 758 884 835 Quinctilis
908 764 940 824 et
964 759 1102 824 October
1125 760 1191 824 dies
1215 757 1307 824 XXX
1330 760 1474 846 singulos

295 864 508 948 possidebant,
532 863 726 929 Februarius
748 861 894 928 XXVIII
917 863 1052 928 retinuit
1075 863 1167 929 dies.¹

384 971 434 1034 19.
473 970 584 1034 Livias
607 967 756 1056 (1,19,7):
788 969 922 1054 (Numa)
946 969 1087 1034 nefastos
1111 969 1176 1034 dies
1199 968 1364 1052 fastosque
1388 968 1474 1047 fecit,

295 1075 371 1159 quia
394 1075 565 1158 aliquando
588 1075 670 1138 nihil
693 1097 764 1138 cum
787 1076 906 1158 populo
930 1076 983 1161 agi
1007 1075 1086 1140 utile
1109 1075 1255 1139 futurum
1278 1079 1355 1139 erat.

624 1231 682 1298 Ill.
718 1231 885 1299 TULLUS
908 1230 1146 1299 HOSTILIUS.

385 1354 412 1420 1.
440 1351 544 1418 Cicero
562 1353 611 1440 (de
622 1375 687 1436 rep.
700 1354 863 1441 2,17,31):
889 1351 1027 1438 (Tullus)
1045 1355 1213 1418 constituit
1228 1356 1286 1434 iuS,
1311 1376 1375 1439 quo
1391 1354 1474 1419 bella

294 1459 519 1538 indicerentur,
549 1459 634 1543 quod
656 1495 697 1505 —
722 1459 829 1523 sanxit
856 1457 958 1523 fetiali
982 1459 1147 1543 religione,
1170 1464 1207 1522 ut
1230 1482 1322 1524 omne
1344 1459 1474 1539 bellum,

295 1565 379 1648 quod
403 1563 625 1628 denuntiatum
648 1564 866 1648 indictumque
889 1585 952 1627 non
977 1568 1068 1644 esset,
1101 1563 1134 1628 id,
1156 1563 1309 1628 iniustum
1334 1586 1401 1628 esse
1425 1569 1474 1628 at·

295 1690 357 1752 que
379 1669 511 1752 impium
535 1669 737 1732 iudicaretur.

383 1776 411 1838 2.
448 1774 560 1837 Liuius
583 1771 768 1858 (1,26,5.6):
799 1773 867 1837 Rex
891 1773 1029 1858 (Tullus)
1053 1810 1094 1820 -
1114 1772 1336 1852 ‘Duumriros',
1360 1773 1475 1857 inquit,

295 1879 362 1962 ‘qui
393 1878 529 1943 Horatio
562 1878 809 1962 perduellionem
846 1879 1001 1958 iudicent,
1034 1878 1204 1947 secundum
1239 1878 1342 1963 legem
1373 1875 1475 1942 facio’.

294 1981 358 2046 Lex
380 1981 531 2046 horrendi
554 1981 702 2046 carminis
725 1987 813 2047 erat:
847 1981 1026 2046 ‘Duumviri
1049 1981 1295 2066 perduellionem
1318 1983 1474 2046 iudicent:

295 2085 322 2150 si
345 2109 364 2150 a
387 2087 562 2151 duumviris
585 2087 777 2170 provocarit,
802 2087 1028 2170 provocatione
1051 2089 1188 2150 certato:
1212 2087 1238 2150 si
1261 2087 1398 2165 vincent,
1422 2108 1475 2150 ca-

293 2197 353 2276 put
376 2193 547 2272 obnubit0,
579 2191 699 2256 infelici
734 2193 841 2256 arbori
871 2197 954 2257 reste
983 2189 1205 2275 suspendit0,2
1237 2189 1403 2255 verberato
1426 2189 1475 2254 vel

294 2298 380 2361 intra
402 2299 578 2381 pomerium
602 2299 652 2362 vel
675 2302 765 2362 extra
785 2289 1001 2382 ponrerium'.³

382 2404 411 2468 3,
436 2401 534 2467 Dion.
553 2402 675 2487 (3‚22):
695 2403 707 2437 ⁴
732 2403 796 2464 ἔστι
820 2403 924 2464 δὲκαὶ
948 2401 1101 2485 νόμος-
1117 2399 1155 2463 δι’
1171 2401 1272 2464 ἐκεῖνο
1290 2403 1365 2481 (των
1381 2399 1474 2483 Ὁρα-

294 2509 381 2592 τίων)
409 2508 566 2590 κυρωθεὶς
591 2509 626 2569 τδ
643 2507 765 2588 πάθος,
791 2509 815 2589 ᾧ
832 2508 886 2569 καί
911 2507 953 2581 εἰς
970 2505 1025 2589 ἐμὲ
1041 2517 1187 2589 χρῶνται,
1206 2544 1245 2554 -
1262 2505 1412 2588 κελεύων,
1432 2507 1476 2580 οίς

295 2614 332 2675 ἂν
362 2611 512 2695 γένωνται
541 2611 679 2694 τρίδυμοι
710 2611 838 2692 παῖδες,
873 2613 912 2674 ἐκ
942 2620 996 2674 τοῦ
1021 2611 1170 2695 δημοσίου
1193 2615 1249 2686 τὰς
1272 2614 1389 2694 τροφὰς
1414 2619 1475 2674 τῶν

181 2753 184 2759 ·
294 2718 413 2780 παίδων
437 2717 644 2802 χορηγεῖσθαι
666 2715 756 2799 μέχρι
782 2716 871 2802 ἥβης.

381 2823 411 2885 4.
436 2821 532 2886 Βίωνι.
556 2821 697 2904 (3,30):⁵
721 2831 783 2896 τοῖς
805 2859 849 2870 -
871 2821 1003 2905 ἑταίροις
1026 2823 1121 2884 αὐτοῦ
1146 2823 1214 2904 (τοῦ
1238 2821 1383 2907 Marsico)
1414 2823 1467 2885 καί

367 2961 392 3027 l)
413 2961 485 3014 Ceus.
505 2961 530 3015 d.
550 2961 576 3015 d.
594 2967 651 3014 nat.
668 2964 748 3026 20,4.·
776 2960 875 3016 Postea
896 2960 954 3014 sive
972 2979 990 3014 a
1008 2961 1116 3025 Numa,
1142 2963 1174 3014 ut
1192 2961 1233 3014 ait
1252 2960 1379 3024 Fulvius,
1406 2959 1471 3024 sive,

295 3048 327 3099 ut
350 3046 454 3111 Iunius,
479 3065 497 3100 a
514 3047 666 3117 Tarquinio
697 3050 729 3102 12
750 3048 819 3102 lacti
845 3051 912 3102 sunt
936 3065 1043 3102 menses
1066 3051 1094 3102 et
1117 3048 1174 3103 dies
1198 3051 1258 3105 355.
1295 3047 1354 3101 Le'o.
1374 3050 1476 3114 1,19‚6.·

295 3133 412 3202 (Numa)
440 3136 477 3189 ad
506 3153 600 3191 cursus
626 3136 711 3190 lunae
734 3136 764 3190 in
785 3134 837 3189 XII
858 3153 966 3190 menses
995 3135 1128 3190 describit
1147 3153 1252 3189 annum
1271 3165 1306 3174 -
1324 3133 1472 3188 intercala-

294 3221 343 3274 riis
362 3220 502 3276 mensibus
520 3222 739 3292 interponendis.
767 3255 799 3265 -
834 3223 908 3277 Ouid.
922 3223 992 3290 fast.
1010 3227 1083 3286 1‚43.·
1111 3223 1149 3277 At
1168 3223 1263 3277 Numa
1282 3252 1315 3262 -
1335 3221 1475 3276 mensibus

295 3308 417 3378 antiquis
445 3309 606 3378 praeposuit
633 3311 710 3366 duos.
746 3311 823 3364 Plut.
848 3309 941 3364 Numa
968 3312 1058 3376 18,19;
1085 3327 1127 3379 qu.
1146 3309 1224 3364 Rom.
1245 3313 1284 3364 19.
1333 3309 1375 3378 Of.
1406 3309 1473 3377 Mo,

297 3396 393 3450 Obroo.
411 3399 520 3450 18-47.
559 3396 625 3460 Ha,
645 3402 711 3451 rb'm.
731 3397 809 3452 seed.
829 3400 964 3461 1,27-55.
990 3428 1022 3437 -·
1050 3399 1080 3465 2)
1105 3399 1189 3453 Verba
1207 3400 1292 3468 caput
1311 3429 1343 3438 -
1362 3415 1476 3468 suspen·

293 3483 353 3538 dito
383 3482 473 3537 Cicero
500 3487 537 3552 (p.
557 3484 626 3540 Bab.
644 3489 714 3552 4,13)
743 3487 795 3555 lapi
820 3486 964 3553 Terquioia'
989 3485 1105 3553 Superbi
1128 3486 1272 3540 attribuere
1300 3485 1412 3540 υίᾱοίαν.
1441 3517 1477 3526 -

295 3571 322 3638 3)
343 3569 384 3638 Of.
397 3570 470 3625 Fest.
487 3575 562 3636 (297)
583 3571 725 3626 Sororium
747 3571 874 3640 tigillum
888 3588 935 3624 -r
956 3600 988 3612 -
1006 3570 1108 3625 Horati
1126 3574 1155 3625 et
1165 3571 1273 3626 Curiati
1292 3572 1395 3641 (curati
1407 3573 1475 3642 cod.)

295 3673 358 3710 cum
381 3657 567 3721 dimicassent,
587 3689 620 3698 -
642 3658 776 3714 Horatius
802 3657 943 3712 interfecit
967 3674 1030 3711 eam
1055 3659 1120 3725 (scil.
1139 3659 1281 3726 sororem).
1320 3659 1357 3710 ut
1375 3676 1474 3727 qnam·

295 3761 381 3813 quam
399 3761 417 3797 a
435 3747 516 3814 patre
535 3746 682 3800 absolutus
703 3745 812 3799 sceleris
831 3745 938 3811 (sceleri
957 3746 1024 3813 cod.)
1043 3748 1114 3810 erat,
1133 3749 1278 3800 accusatus
1298 3749 1395 3801 tamen
1411 3765 1476 3816 par·

294 3830 376 3886 ricidi
399 3831 473 3900 apud
486 3831 648 3888 duumviros
667 3833 878 3900 damnatusque
891 3832 1055 3900 provocavit
1068 3833 1104 3886 ad
1117 3832 1260 3902 populum,
1283 3832 1360 3886 cuins
1372 3831 1475 3889 iudicio

294 3917 384 3974 victor
402 3918 457 3973 duo
476 3918 572 3988 tigilla
590 3919 675 3974 tertio
695 3920 858 3990 superiecto,
883 3920 1008 3974 -velut
1026 3920 1077 3973 sub
1095 3920 1192 3988 iugum
1212 3919 1318 3983 missus,
1338 3920 1421 3985 subit,
1440 3951 1476 3962 -

295 4005 431 4060 liberatus
450 4006 525 4061 omni
544 4005 629 4062 noxia
649 4007 759 4062 sceleris
778 4009 820 4062 est
839 4013 886 4061 cet.
925 4006 1167 4074 Of.IAo.1,26,13.·
1185 4006 1375 4076 piacularibus
1393 4007 1478 4062 sacri·

295 4091 363 4146 ficiis
381 4093 477 4157 factis,
505 4111 577 4162 quaa
605 4093 706 4148 deinde
728 4095 809 4162 genti
830 4094 965 4150 Horatiae
983 4093 1092 4148 tradita
1110 4097 1185 4148 sunt.
1222 4094 1275 4149 Cle.
1292 4111 1347 4162 rep.
1366 4098 1476 4162 2,31‚54.

294 4210 330 4220 —
347 4182 374 4249 4)
394 4179 460 4250 (Lex
479 4180 540 4234 lata
558 4184 601 4234 est
619 4185 734 4250 propter
752 4182 834 4236 illum
855 4199 964 4247 casum,
983 4181 1091 4246 iubens,
1114 4182 1136 4236 si
1156 4181 1199 4235 cui
1218 4180 1364 4250 trigemini
1382 4199 1477 4237 nasce·

294 4269 392 4320 rentur
409 4265 469 4328 filii,
488 4267 513 4321 ei
532 4267 566 4322 de
583 4267 696 4338 publico
715 4269 852 4324 alimenta
873 4268 911 4322 ad
930 4268 1109 4337 pubertatem
1129 4285 1215 4337 usque
1234 4268 1430 4338 suppeditari.)
1442 4299 1476 4310 -

293 4354 320 4419 5)
348 4354 438 4417 (sociis
462 4357 490 4409 et
515 4354 682 4423 proditionis
710 4356 824 4411 consciis
850 4353 955 4408 iudicia
983 4371 1031 4408 rex
1049 4355 1195 4410 constituit
1222 4357 1250 4410 et
1269 4356 1409 4412 convictos
1433 4373 1476 4410 se·

293 4443 414 4498 cundum
435 4443 525 4512 legem
544 4443 578 4498 de
596 4443 783 4499 desertoribus
802 4447 830 4499 et
848 4441 1038 4513 proditoribus
1057 4443 1222 4498 interfecit.)
