3400 5254
661 420 767 475 Nonius
787 419 943 474 Marcellus.
1355 427 1394 490 67

213 624 297 687 quos
327 600 481 664 dissensio
516 598 566 660 vel
596 597 790 661 concertatio
813 596 954 680 iurgium
978 597 1114 668 dicitur:
1145 599 1229 663 inter
1251 599 1395 666 inimicos

215 707 374 771 dissensio
406 705 446 767 lis
477 703 668 786 appellatur.
715 702 757 764 M.
781 701 906 766 Tullius
937 703 975 767 de
998 725 1063 786 rep.
1087 703 1108 767 l.
1133 701 1213 767 IIII:
1248 705 1395 770 ‘admiror

219 833 276 875 nec
300 833 406 874 rerum
430 809 533 872 solum
557 807 612 870 scd
635 806 804 869 verborum
828 806 923 868 etiam
948 805 1160 890 elegantiam:
1184 809 1221 871 ‘si
1244 810 1394 895 iurgant’,

218 915 360 1001 inquit¹3
394 913 620 977 benevolorum
645 911 848 988 concertatio,
871 932 934 974 non
959 910 998 973 lia
1022 910 1233 992 inimicorum,
1256 914 1395 999 iurgium

216 1022 357 1086 -dicitur.’
403 1019 446 1083 Mt
469 1019 501 1082 in
526 1015 692 1100 sequenti:
717 1016 855 1098 ‘iurgare
879 1015 981 1099 igitur
996 1015 1049 1078 lex
1063 1021 1157 1098 putat
1171 1017 1256 1082 inter
1270 1040 1303 1084 se
1319 1022 1396 1085 vici·

219 1149 287 1204 nos,
311 1148 374 1189 non
400 1123 548 1208 litigare!
595 1125 674 1186 292.

213 1269 261 1279 ,..
278 1227 657 1296 matremfamilias
675 1225 805 1310 (dictam
823 1245 889 1288 esse
906 1224 1115 1308 existimant),
1134 1249 1214 1310 quae
1228 1229 1262 1292 in
1274 1229 1396 1296 familia

222 1337 444 1419 mancipioque
468 1334 510 1396 sit
533 1332 648 1416 patria,
674 1330 734 1394 etsi
757 1330 790 1394 in
813 1331 920 1394 mariti
944 1332 1150 1396 matrimonio
1173 1340 1263 1398 esset.
1297 1339 1374 1402 299.

221 1443 412 1506 Mutuum
437 1439 505 1502 sine
529 1438 643 1513 usuris,
668 1435 685 1500 f
692 1457 796 1499 enus
819 1456 890 1498 curn
913 1437 1018 1498 usuris
1042 1437 1187 1503 sumitur.
1232 1443 1308 1506 298.

214 1544 252 1610 'N
262 1547 439 1609 nbentes
464 1543 561 1608 veteri
586 1540 658 1624 lege
676 1539 822 1603 Romana
845 1562 929 1603 asses
948 1537 997 1603 ΙΙΙ
1013 1541 1051 1604 ad
1071 1542 1220 1606 maritum
1236 1546 1396 1610 venientes

222 1651 323 1714 solere
338 1648 520 1734 pervehere,
545 1652 641 1731 atque
656 1667 765 1723 unum,
791 1667 885 1728 quem
901 1645 934 1710 in
951 1651 1217 1726 manutenerent,
1234 1654 1396 1734 tamquam

216 1755 347 1819 enrendi
370 1775 463 1819 carisa
485 1753 602 1817 marito
626 1749 735 1827 dare²;
768 1751 878 1825 alium,
904 1773 994 1834 quem
1020 1751 1053 1814 in
1079 1751 1156 1835 pede
1178 1751 1340 1832 haberent,
1364 1755 1395 1818 in

222 1859 294 1924 ioco
316 1860 433 1924 Larum
456 1856 650 1922 familiarum
674 1875 805 1938 ponere,
838 1855 979 1932 tertium,
1012 1876 1104 1939 quern
1131 1858 1164 1918 in
1188 1859 1398 1942 sacciperione

224 1962 479 2040 condidissent³,
512 1961 640 2045 conpito
670 1958 801 2024 vicinali
833 1958 935 2023 solere
959 1960 1127 2024 resenare⁴
1151 1997 1193 2007 -
1217 1983 1295 2046 qnos
1318 1965 1398 2029 ritus

223 2069 327 2134 Varro
349 2107 392 2116 —
416 2068 452 2131 de
476 2067 543 2132 vita
567 2089 596 2149 p.
621 2064 660 2129 R.
684 2063 929 2150 diligentissime
952 2066 1158 2147 percucurrit.
1203 2071 1276 2131 363.

218 2173 333 2240 'Oves
363 2174 487 2260 generis
516 2171 680 2247 feminini,
717 2173 752 2233 ut
780 2169 983 2254 plerumque3
1018 2171 1187 2234 masculini
1211 2169 1315 2237 Varro
1339 2195 1397 2237 -t

223 2277 285 2345 M.⁶
307 2279 466 2356 Terenti0,
490 2277 617 2362 quando
642 2275 760 2339 citatus
783 2296 887 2357 neque
909 2275 1073 2357 respondit
1097 2297 1200 2359 neque
1216 2279 1397 2343 excusatus⁶

216 2388 281 2462 -est,
305 2406 376 2449 eum
400 2382 475 2468 eg0⁷
499 2404 596 2446 unum
621 2402 712 2444 ovem
733 2379 871 2444 multam
895 2378 1003 2443 dico’fl.
1049 2384 1121 2442 147.

224 2489 500 2566 Plebitatem,
524 2485 773 2573 ignobilitatem.
820 2482 899 2548 Cato
922 2506 980 2567 pro
1004 2481 1156 2547 Veturio:
1189 2489 1328 2570 ‘propter
1350 2492 1398 2552 te-

224 2595 380 2658 nuitatem
412 2598 444 2658 et
472 2593 679 2678 plebitatem'.
727 2590 864 2654 Hemina
894 2589 928 2652 in
953 2588 1157 2654 annalibns9:
1192 2592 1399 2678 ‘Quicumque

226 2703 356 2782 propter
378 2699 563 2782 plebitatem
586 2717 665 2782 agro
688 2693 816 2778 publico
839 2693 930 2757 eiecti
953 2693 1079 2758 sunt'¹⁰.
1126 2701 1196 2760 101.

214 2803 465 2867 ,Proletarii
489 2802 566 2866 dicti
589 2805 665 2866 sunt
688 2799 804 2884 plebei,
828 2800 883 2883 qui
906 2798 988 2863 nihil
1009 2799 1203 2884 reipublicae
1218 2803 1398 2884 exhibeant,

222 2908 274 2971 sed
305 2912 430 2970 tantum
461 2907 581 2990 prolem
612 2904 785 2969 sufficiant.
810 2901 984 2968 —·Varro
1014 2905 1052 2969 de
1079 2905 1145 2969 vita
1167 2930 1197 2991 p.
1224 2905 1262 2972 R.
1286 2909 1340 2973 lib.
1365 2909 1398 2975 I:

215 3013 349 3096 ·‘quibus
365 3017 455 3076 erant
470 3011 620 3094 pecuniae
636 3011 725 3087 satie,
748 3010 926 3092 locupletis,
945 3009 1109 3090 adsiduos3
1134 3013 1309 3077 contrarios
1326 3037 1397 3098 pro·

225 3116 362 3180 letarios.
399 3116 541 3180 Adsiduo
564 3113 722 3178 neminem
746 3113 902 3176 vindicem
921 3113 1095 3176 voluerunt
1112 3115 1315 3197 locupleti'¹¹.
1346 3123 1396 3182 48.

228 3219 396 3286 Proletarii
425 3220 507 3285 cives
537 3219 740 3295 dicebantur,
775 3217 832 3301 qui
862 3216 896 3280 in
929 3217 1020 3300 plebe
1044 3219 1232 3283 tenuissima
1255 3226 1346 3284 erant
1368 3227 1400 3286 et

224 3346 288 3388 non
309 3324 447 3408 amplius
471 3347 565 3408 quam
590 3322 678 3386 mille
702 3326 733 3387 et
756 3322 950 3406 quingentos
974 3322 1054 3386 aeris
1079 3323 1113 3385 in
1130 3345 1258 3388 censum
1281 3325 1399 3390 defore·
1451 3328 1454 3334 ’

226 3431 312 3495 bant.
357 3435 430 3494 106.

294 3622 319 3690 1)
341 3620 382 3690 Of.
395 3627 456 3676 tom.
467 3621 491 3674 1.
508 3638 534 3689 p.
547 3623 582 3674 27
601 3620 653 3674 lab.
667 3619 758 3685 V11,5.
781 3648 811 3658 -
829 3619 857 3686 2)
870 3617 952 3672 daret
964 3618 1004 3672 ecl
1022 3616 1124 3671 darent
1137 3618 1207 3672 libri.
1223 3649 1251 3658 ·-
1267 3619 1294 3689 3)
1307 3618 1400 3676 condi·

217 3707 313 3763 -disset
326 3709 393 3762 libri.
408 3740 441 3748 —
455 3709 484 3775 4)
496 3708 536 3762 sic
545 3708 615 3775 libri,
627 3723 749 3762 reserare
759 3705 839 3774 Rota,
847 3707 966 3774 fortasse
977 3721 1120 3759 reservare
1140 3735 1175 3746 -
1188 3707 1215 3777 5)
1226 3707 1261 3761 M.
1272 3724 1320 3761 om.
1330 3708 1400 3776 libri,

229 3798 276 3851 sed
289 3795 426 3864 praecedit
442 3796 525 3851 idem.
544 3825 578 3834 -
598 3796 625 3866 6)
642 3797 681 3850 sic
699 3794 804 3848 Gellius
821 3798 919 3861 11‚1‚4,·
939 3793 1079 3847 excitatus
1099 3793 1212 3848 Nouius.
1231 3825 1266 3832 -
1284 3795 1310 3864 7)
1338 3812 1400 3849 eum

214 3900 276 3952 -ego
297 3884 413 3950 Nonius,
433 3900 484 3952 ego
502 3883 527 3938 ei
547 3883 657 3938 Gellius.
679 3913 711 3922 -
730 3885 758 3950 8)
777 3883 882 3938 Gellius
894 3887 992 3951 11,r‚4.·
1011 3881 1179 3946 Quando-
1199 3882 1402 3954 amagistrati·

228 3971 279 4024 bus
299 3970 395 4040 populi
415 3971 534 4026 Romani
556 4000 584 4012 -
606 3971 700 4026 multa
718 3971 823 4024 dicitur
842 3972 887 4025 vel
909 3971 1026 4024 minima
1047 3969 1091 4024 vel
1105 3986 1243 4039 suprema,
1262 3969 1402 4025 observari

229 4057 306 4120 solet,
326 4059 358 4110 ut
377 4056 457 4111 ‘oves’
476 4073 575 4126 genere
595 4057 670 4111 virili
690 4058 886 4127 appellentur;
907 4060 992 4126 atquc
1009 4057 1052 4111 ita
1070 4057 1106 4112 M.
1125 4056 1215 4112 Varro
1234 4057 1321 4110 verba
1333 4057 1402 4111 haec

226 4143 365 4213 legitima,
385 4143 485 4213 quibus
504 4144 621 4198 minima
639 4145 732 4198 multa
751 4145 898 4209 diceretur,
918 4145 1059 4214 concepit:
1079 4142 1265 4197 ‘Ml'erentio
1280 4173 1308 4182 --
1324 4141 1401 4206 dicc',

225 4249 258 4286 ac
272 4231 326 4285 nisi
340 4249 372 4288 eo
385 4248 486 4300 genere
498 4231 645 4296 diceretur,
660 4235 836 4300 negaverunt
850 4231 955 4287 iustam
971 4230 1061 4287 videri
1074 4232 1203 4287 multam.
1222 4262 1255 4270 -
1274 4232 1302 4299 9)
1314 4247 1402 4286 annos

214 4321 295 4373 libri.
313 4331 356 4359 -“
368 4320 412 4390 10)
431 4319 543 4374 Sallust.
556 4320 617 4374 aar.
630 4322 673 4386 1,9
686 4320 724 4372 ed.
737 4319 867 4373 Diciscb:
887 4320 1000 4388 regibus
1013 4321 1166 4374 exactis-
1176 4319 1271 4374 servili
1284 4319 1402 4388 imperio

213 4409 320 4476 „patres
339 4407 449 4478 plebem
468 4423 644 4462 exercere-
663 4422 731 4475 agro
750 4407 862 4478 pellere.
890 4439 924 4447 —
953 4408 995 4478 11)
1017 4407 1104 4462 idern:
1133 4407 1243 4462 assiduo
1263 4405 1402 4462 neminem

215 4493 364 4550 uindicem
382 4513 440 4551 esse
459 4497 607 4551 uoluerunt
620 4494 673 4548 nisi
687 4495 829 4549 assiduum
845 4495 874 4549 id
887 4499 930 4550 est
947 4497 1115 4566 locupletem
1131 4497 1242 4550 coniecit
1257 4495 1401 4552 Turnebus.

1160 4584 1192 4637 5*
