3400 5254
753 375 893 432 Boethius.
1372 377 1412 442 77

233 579 317 620 anno
342 557 493 622 continuo
520 555 619 620 fuerit
646 577 730 634 usus,
755 555 788 618 id
820 555 910 618 firma
936 555 1015 618 iuris
1039 556 1229 620 auctoritate
1244 556 1414 639 possideat,

233 661 323 726 velut
347 686 413 726 rem
437 662 602 739 mobilen13
627 661 718 725 fundi
743 683 816 724 vero
838 661 989 744 usucapio
1006 661 1126 726 biennii
1142 661 1293 745 temporis
1310 660 1413 743 spatio

235 768 426 833 continetur.
453 806 493 814 —
519 767 565 830 ait
591 764 746 850 (Cicerotz
772 769 826 844 ‘ut
852 767 1002 850 quoniam
1026 789 1101 832 usus
1126 766 1299 832 auctoritas
1322 765 1413 828 fundi

235 873 399 938 biennium
423 877 481 951 est,
510 873 552 936 sit
575 873 672 936 etiam
695 871 841 935 aedium'
888 871 950 936 Hic
971 872 1074 957 igitur
1096 873 1221 937 aedium
1243 893 1320 936 usus
1344 892 1414 933 auc-

234 978 397 1041 toritatem
423 978 549 1041 biennio
574 977 643 1042 fieri
666 977 749 1041 senii
769 976 790 1041 ¹.
838 979 944 1061 (308.)

323 1105 361 1148 en
385 1084 444 1148 14
467 1084 510 1165 ad
534 1104 558 1146 c.
583 1088 633 1162 10,
646 1088 697 1147 41.
744 1083 909 1146 Fiduciam
932 1119 973 1130 -
999 1085 1128 1167 accepit,
1157 1084 1343 1167 cuicumque
1366 1103 1417 1146 res

235 1189 343 1272 aliqua
370 1188 588 1270 mancipatur,
618 1192 655 1251 ut
688 1209 754 1252 eam
789 1189 984 1270 mancipanti
1007 1191 1216 1272 remancipet3
1253 1189 1355 1263 velut,
1389 1187 1417 1250 si

236 1293 308 1378 quis
331 1298 457 1376 ternpus
481 1293 611 1356 dubium
636 1293 753 1356 timens
777 1292 877 1357 amico
900 1294 1074 1377 potentiori
1098 1294 1230 1358 fundum
1246 1292 1415 1374 mancipet,

236 1406 272 1465 ut
294 1399 333 1478 ei,
358 1423 429 1465 cum
445 1404 570 1482 tempus
588 1399 672 1484 quod
688 1403 870 1482 suspectum
887 1402 935 1462 est
949 1399 1159 1482 praeterierit,
1175 1399 1297 1462 reddat.
1329 1396 1417 1462 Haec

237 1505 430 1589 mancipatio
466 1505 631 1568 fiduciaria
653 1503 838 1568 nominatur
861 1504 987 1583 ideirco,
1020 1506 1103 1589 quod
1129 1504 1317 1568 restituendi
1340 1503 1417 1567 fides

235 1609 462 1694 interponitur.
510 1611 617 1693 (340.)

325 1736 363 1779 en
387 1715 406 1778 1.
436 1720 456 1778 6
478 1715 520 1779 ad
544 1735 568 1778 c.
592 1720 644 1793 17,
663 1719 712 1780 65.
759 1713 826 1778 Dos
850 1751 890 1760 --
914 1715 989 1779 lieet
1019 1715 1222 1780 matrimonio
1251 1717 1419 1779 constante

235 1823 269 1886 in
293 1819 386 1884 bonis
408 1819 469 1882 viri
493 1820 549 1898 sit,
583 1825 631 1884 est
654 1820 817 1884 tamenin
842 1819 948 1884 uxoris
971 1819 1057 1898 iure,
1093 1824 1125 1883 et
1148 1823 1221 1903 post
1244 1819 1417 1884 divortium

237 1926 325 1990 velut
355 1946 404 1988 res
436 1925 549 1988 uxoria
581 1925 646 2007 peti
676 1929 791 2008 potest.
838 1924 925 1999 Quae
955 1926 1081 2009 quidem
1105 1926 1161 1988 dos
1184 1923 1344 1988 interdum
1367 1922 1419 1986 his

237 2029 477 2095 condicionibus
509 2030 578 2094 dari
612 2031 751 2108 solebat,
782 2035 837 2108 ut,
869 2031 896 2093 si
918 2031 1003 2094 inter
1026 2031 1131 2094 virum
1154 2051 1347 2114 uxoremque
1371 2029 1418 2092 di·

238 2135 377 2199 vortium
410 2135 609 2216 contigisset,
646 2135 739 2218 ‘quod
772 2135 884 2198 melius
918 2135 1048 2219 aequius
1072 2137 1173 2212 esset',
1206 2134 1289 2218 apud
1313 2135 1416 2198 virum

239 2246 429 2318 remaneret,
464 2237 622 2322 reliquum
646 2239 729 2303 dotis
753 2239 976 2304 restitueretur
999 2239 1107 2318 uxori,
1137 2240 1169 2302 id
1193 2243 1241 2302 est
1263 2247 1309 2316 ut,
1334 2239 1418 2322 quod

240 2368 278 2409 ex
301 2345 375 2408 dote
398 2345 572 2408 iudicatum
604 2345 718 2410 fuisset
747 2344 861 2409 melius
885 2345 1016 2429 aequius
1040 2367 1115 2423 esse,
1149 2348 1186 2408 ut
1209 2344 1291 2427 apud
1315 2343 1419 2407 virum

238 2453 393 2527 maneret,
428 2449 459 2512 id
483 2449 532 2512 vir
555 2449 617 2514 sibi
639 2451 801 2528 retineret,
834 2452 917 2535 quod
940 2472 1014 2514 vero
1038 2471 1101 2514 non
1126 2453 1205 2512 esset
1230 2449 1343 2512 melius
1366 2469 1419 2510 ue·

239 2577 320 2640 quus
351 2555 433 2639 apud
467 2555 570 2618 virum
600 2577 744 2634 manere,
778 2555 811 2619 id
842 2576 922 2619 uxor
954 2559 1027 2638 post
1058 2555 1230 2618 divortium
1254 2553 1417 2635 reciperet.

238 2659 275 2725 In
300 2682 363 2742 quo
386 2660 503 2724 iudicio
534 2683 598 2724 non
628 2665 755 2724 tantum
783 2659 859 2724 boni
882 2665 999 2725 natura
1021 2661 1157 2744 spectari
1180 2659 1275 2736 solet,
1310 2679 1418 2722 verum

240 2769 336 2830 etiam
366 2766 562 2849 comparatio
584 2766 742 2830 bonorum
766 2765 820 2845 fit,
853 2770 975 2829 utnon
1002 2770 1068 2829 tam
1092 2764 1176 2849 quod
1199 2764 1333 2842 bonum,
1365 2763 1419 2827 sed

241 2871 326 2954 quod
348 2869 462 2933 melius
486 2871 679 2954 aequiusque
703 2876 761 2950 est,
785 2871 817 2934 id
841 2871 1033 2954 sequendum
1058 2869 1127 2934 siu.
1174 2869 1281 2950 (378.)

495 3095 585 3161 VIII.
626 3093 813 3160 SERVIUS
836 3093 882 3158 IN
907 3092 1164 3160 VERGILIUM.

328 3255 427 3309 Mauri
451 3257 485 3321 (s.
505 3253 606 3320 Marii)
631 3251 718 3306 Seruii
736 3251 876 3306 Honorati
892 3251 1063 3320 yramnatiei
1081 3266 1148 3304 saec.
1168 3248 1222 3316 IV,
1249 3250 1297 3317 qai
1321 3267 1339 3302 a
1357 3249 1421 3303 Ma-

241 3344 339 3410 crobio,
359 3345 519 3409 sat.1,2,15,
541 3341 674 3395 ‘doetnna
691 3339 836 3394 mirabilis’
854 3340 1006 3408 appellatur
1024 3339 1069 3404 (ef.
1083 3337 1176 3391 Aaron
1193 3337 1225 3390 in
1236 3336 1306 3390 Hor.
1326 3343 1376 3390 sat.
1396 3341 1422 3403 1,

242 3434 322 3500 9‚76),
342 3429 589 3498 amplissimarum
606 3428 753 3497 Verpiliarn
771 3425 989 3480 commentarium
1007 3426 1041 3478 ab
1060 3424 1280 3492 epitomatoribns
1298 3425 1421 3478 0110101-

237 3519 409 3588 potatoribus
433 3517 500 3570 inire
524 3521 649 3570 amatam
676 3515 715 3568 ea.
740 3515 802 3567 Alb.
822 3511 908 3579 Men,
937 3511 1119 3565 commentarii
1142 3512 1174 3564 in
1197 3511 1344 3580 Veryitianc
1362 3511 1422 3566 Ser-

241 3607 325 3674 uiani,
345 3609 422 3659 1826.
459 3604 567 3658 Novam
584 3604 726 3658 editionem
743 3601 936 3655 inchoaverant
957 3597 989 3652 G.
1012 3599 1132 3652 111100
1150 3597 1188 3652 H.
1208 3597 1314 3668 Haaen,
1335 3597 1421 3652 Servii

240 3693 412 3764 yranmatiei
430 3693 477 3761 qni
493 3693 621 3758 ferantur
637 3691 668 3743 in
685 3686 761 3758 Verp.
781 3706 862 3743 carra.
882 3687 1073 3754 commentarii,
1093 3690 1161 3740 1881
1182 3704 1234 3756 seq.
1271 3687 1368 3741 Adieei
1386 3688 1423 3742 ad

242 3783 310 3836 Aen.
330 3784 426 3848 10,241
446 3779 576 3833 scholiam
593 3778 689 3831 incerti
708 3778 836 3844 auctoris,
857 3777 905 3845 qai
922 3775 979 3830 iarn
997 3780 1058 3830 ante
1071 3773 1193 3828 Senium
1208 3776 1335 3842 floruisse
1353 3790 1420 3828 eorn-

242 3869 439 3936 nientariosqne
458 3866 559 3920 saccali
578 3865 691 3918 1-111
710 3865 875 3932 excerpsisse
891 3864 1005 3917 videtin.
1044 3861 1118 3931 Quae
1136 3864 1239 3918 scholia
1258 3881 1282 3916 a.
1302 3865 1371 3916 1818
1389 3862 1425 3915 ab

242 3958 314 4027 Anp.
334 3956 398 4010 Mai
422 3955 541 4008 Veronae
558 3955 589 4006 in
601 3953 690 4007 codiee
707 3953 837 4020 rescripto
855 3956 961 4018 reperta
978 3951 1061 4016 (ande
1080 3951 1159 4004 schol.
1176 3949 1271 4004 Veron.
1285 3949 1422 4016 appellan-

177 4073 180 4082 =
242 4047 300 4110 tar)
323 4043 467 4096 nouissime
485 4042 559 4095 edita
582 4047 646 4095 sant
664 4042 698 4095 ab
717 4040 755 4094 H.
775 4040 840 4094 Keil
857 4041 888 4094 in
906 4039 992 4092 Probi
1010 4044 1144 4092 comment.
1163 4039 1194 4091 in
1218 4037 1293 4105 Verp.
1313 4039 1383 4088 1848
1400 4041 1425 4089 et

242 4132 312 4186 Ara.
332 4129 483 4196 Hermann,
501 4129 544 4182 die
568 4128 712 4182 Veroneser
735 4126 1313 4197 1700988οΜ1100,800000301109001868.

333 4280 359 4349 l)
379 4277 432 4332 Cic.
447 4294 501 4346 pro
521 4276 596 4333 Gaea.
615 4279 707 4343 19‚54.·
731 4274 776 4329 lex
800 4291 880 4328 usum
900 4274 1149 4330 etauctoritatem
1168 4270 1249 4326 fundi
1267 4269 1346 4324 iubet
1365 4287 1425 4326 esse

158 4368 160 4376 '
244 4365 395 4422 biennium.
435 4365 477 4434 Of.
497 4363 581 4418 ΖΕΘ.
602 4366 686 4432 9,195.
706 4393 739 4402 -
765 4363 791 4428 2)
811 4361 855 4416 De
873 4364 923 4418 100
941 4363 998 4418 loeo
1017 4363 1051 4430 ef.
1071 4361 1241 4426 Barbanna,
1264 4358 1426 4413 Dotaireeht

245 4458 314 4521 1‚72.
354 4453 492 4524 Certiora,
512 4452 673 4507 8011100111
692 4455 736 4504 40.
