3386 5240
780 350 867 420 Leges
885 350 987 419 regiae.

654 598 694 666 II.
720 597 852 664 NUMA
875 597 1118 665 POMPILIUS.

384 739 411 804 1.
440 739 552 802 Liuius
575 739 723 820 (1,19,1):
749 736 882 822 (Numa)
906 775 948 784 —
971 739 1084 802 urbem
1108 760 1235 818 novam,
1259 739 1420 803 conditam
1444 739 1478 803 vi

296 847 327 907 et
350 843 456 921 armis,
479 844 548 908 iure
580 843 823 928 -legibusque
846 865 883 908 ac
898 844 1041 908 moribus
1066 845 1103 908 de
1118 843 1247 928 integro
1270 843 1404 908 condere
1417 867 1474 928 pa-

295 953 354 1014 rat.
390 950 419 1014 2.
441 947 501 1014 Orc.
520 947 569 1031 (de
585 970 650 1030 rep.
667 952 825 1033 2,14‚26):
850 949 972 1012 animos
988 948 1163 1032 propositis
1179 947 1303 1033 legibus
1319 948 1379 1029 bip,
1396 969 1474 1032 quas

296 1054 330 1118 in
352 1053 565 1118 monumentis
595 1054 761 1132 babemus,
786 1092 826 1101 —
851 1055 1043 1139 religionum
1078 1053 1279 1118 caerimoniis
1301 1053 1477 1138 mitigavit,
1502 1043 1506 1049 ¹

297 1179 467 1242 omnesque
491 1163 596 1242 partes
619 1159 782 1245 religionis
805 1159 927 1224 statuit.
942 1159 1152 1224 sanctissime.
1200 1159 1230 1222 3.
1258 1157 1321 1223 Gic.
1342 1157 1394 1241 (de
1409 1179 1476 1240 rep.

296 1265 411 1344 5,2,3):
437 1263 571 1346 (Numa)
594 1262 703 1348 legum
726 1265 822 1328 etiam
844 1267 980 1348 scriptor
1002 1263 1102 1344 fuit,1
1128 1286 1206 1347 quas
1230 1263 1317 1327 scitis
1341 1267 1460 1327 extare.

734 1435 765 1504 a)
795 1436 1040 1492 tnesaurum.

385 1560 413 1621 1.
463 1555 537 1622 Viuo
560 1581 659 1622 nouum
681 1581 716 1622 un
740 1558 951 1624 aasrnnurno.²

383 1664 413 1726 2.
459 1662 575 1726 Punnnx
598 1686 676 1728 annu
698 1687 810 1728 ruuours
833 1686 868 1728 na
884 1686 1019 1740 ranarum
1044 1687 1069 1728 s1
1085 1685 1199 1740 rancun,
1224 1686 1322 1727 rouour
1337 1687 1477 1728 uniamus

296 1791 423 1832 arnissis
445 1790 545 1832 aaron
566 1790 694 1832 ramum
716 1791 844 1832 cnaomo.
868 1766 880 1804 ³

383 1873 412 1936 3.
459 1871 492 1937 Sr
520 1895 650 1936 nonnum
679 1895 793 1936 ananan
822 1875 864 1952 (i)
892 1895 1011 1949 oocrsm,
1044 1896 1079 1936 nn
1102 1896 1193 1936 suras
1224 1896 1318 1937 caune
1342 1895 1472 1938 nummo.
1486 1914 1500 1942 ι

296 1975 386 2042 Hono
409 2001 434 2040 sr
456 1999 580 2040 ruamur
603 1999 713 2040 occisus
736 1999 797 2054 nsr,
820 1999 848 2040 ar
870 1999 953 2040 rusrl
976 2000 1071 2040 nunna
1096 1999 1172 2042 amar
1195 1977 1359 2042 oronim.4

384 2082 413 2147 4.
460 2081 550 2146 Cuius
579 2104 706 2145 lusrroro
735 2103 835 2146 anasse
866 2104 1020 2145 recuruum
1054 2105 1140 2146 ormi
1174 2105 1271 2146 seoun
1302 2104 1475 2160 curiosius,

295 2210 353 2252 rovr
375 2209 513 2250 nnnannro
536 2209 630 2251 novun
654 2209 785 2264 cranium
810 2210 859 2260 om
882 2211 972 2265 carru,
997 2211 1079 2251 naurs
1103 2211 1151 2252 oco
1174 2211 1280 2252 namma
1303 2188 1476 2253 monreial

295 2315 421 2356 SECUNDA
444 2315 551 2371 sponm,
574 2315 604 2356 IN
618 2315 723 2356 Mauris
747 2315 825 2356 nunni
840 2316 868 2356 IN
884 2315 975 2356 OAMPO
991 2315 1200 2372 summoturum,
1224 2317 1300 2357 UTRA
1317 2316 1472 2370 vononem,

297 2419 429 2474 annorvm
464 2395 529 2481 [QUI
560 2420 654 2477 cumr,
687 2421 768 2462 rums
798 2421 829 2462 CC
860 2396 959 2482 nuno]
994 2421 1097 2462 nanum
1120 2422 1229 2488 eroum,
1254 2421 1333 2462 ilum
1357 2419 1477 2470 QUIRINO

298 2589 364 2643 delet
382 2589 468 2651 Mue.)
488 2605 561 2642 nnnc
579 2589 719 2658 significat
738 2591 766 2643 et
785 2605 847 2642 cum
865 2587 1070 2658 praepositione
1089 2587 1243 2657 inplorare,
1265 2589 1294 2642 id
1314 2590 1356 2643 est
1373 2587 1417 2657 [id
1438 2590 1482 2642 est

297 2675 364 2743 det]
381 2675 524 2737 invocare;
544 2678 575 2729 at
594 2677 644 2741 (sic
662 2677 732 2737 eod.)
753 2675 828 2745 apud
847 2676 977 2744 antiquos
995 2676 1082 2746 plane
1100 2675 1266 2733 inclamare.
1286 2678 1317 2729 in
1336 2675 1411 2745 regis
1426 2676 1481 2730 lto-

297 2762 367 2815 muli
386 2764 415 2816 et
434 2761 510 2816 Tatii
527 2761 638 2831 legibus
656 2764 680 2816 si
698 2781 784 2816 nurus
803 2781 882 2818 sacra
901 2763 974 2818 divis
998 2766 1149 2834 parentum
1170 2764 1250 2818 estod
1269 2763 1299 2816 in
1312 2762 1392 2818 Servi
1405 2761 1482 2817 Tulli

297 2849 367 2902 haec
384 2850 426 2902 est
444 2848 468 2901 si
485 2851 631 2916 parentem
651 2865 718 2918 puer
739 2849 860 2905 verberit
882 2853 927 2904 ast
939 2851 995 2905 olle
1009 2849 1151 2919 plorassit
1167 2867 1257 2919 paren
1270 2887 1293 2903 ..
1304 2887 1311 2902 .
1324 2866 1393 2918 puer
1406 2847 1478 2902 divis

298 2938 447 3006 parentum
466 2952 542 2990 sarar
562 2937 621 2990 esto
638 2935 667 2989 id
680 2938 723 2990 est
735 2936 867 2991 clamarit
886 2936 933 2990 dix
954 2976 1002 2992 ...
1023 2937 1082 3008 [Sic
1094 2939 1177 2992 codex
1191 2944 1254 2992 teate
1267 2937 1403 2991 Huetseuo
1424 2952 1480 2990 cor·

296 3024 384 3091 ruptus
401 3023 486 3077 uerbis
503 3023 675 3091 membrisque
691 3025 823 3092 traiectum
841 3025 1008 3078 scribendum
1020 3026 1164 3094 fortusse:
1183 3027 1213 3080 in
1231 3025 1306 3095 regis
1321 3023 1434 3080 Romuli
1453 3027 1482 3078 ot

298 3109 376 3163 Tatii
393 3109 503 3180 legibus
522 3109 590 3162 haec
608 3112 662 3162 est:
684 3108 716 3162 ‘si
735 3113 882 3179 parentem
901 3127 971 3179 puer
993 3111 1126 3176 verberit,
1148 3115 1192 3168 ast
1210 3112 1266 3168 olle
1284 3111 1416 3182 plorassit
1431 3127 1482 3179 pa·

299 3213 371 3260 rens,
389 3213 458 3266 puer
477 3195 549 3250 divis
561 3199 712 3264 parentum
726 3213 802 3251 sacer
816 3197 912 3252 estod.¹
932 3198 962 3251 id
978 3201 1020 3252 est
1032 3199 1173 3254 clamarit.
1193 3199 1326 3254 adicitur:
1347 3198 1378 3251 ‘si
1388 3214 1482 3261 nurus,

298 3301 378 3338 sacra
396 3284 468 3337 divis
486 3287 636 3353 parentum
655 3285 742 3340 estod*
761 3286 791 3338 in
810 3285 889 3340 Servi
909 3285 993 3342 Tulli.
1036 3287 1106 3342 Divi
1121 3293 1263 3356 pareutum
1280 3292 1344 3340 suut
1362 3286 1403 3340 dii
1426 3301 1482 3338 um·

297 3390 356 3441 uum
376 3373 410 3441 cf.
426 3373 565 3427 0.1.L.1
582 3391 608 3428 u.
621 3377 687 3426 1241
702 3396 734 3424 =
746 3378 781 3428 10
793 3391 819 3428 u.
832 3377 914 3428 4255:
935 3375 995 3430 deis
1015 3375 1138 3430 inferum
1151 3381 1304 3444 parentum
1322 3389 1434 3428 sacrum
1452 3372 1482 3426 ni

304 3460 420 3515 violato.
448 3461 497 3513 Ta.
517 3461 566 3530 M.]
1069 3489 1070 3492 ¹

370 3547 397 3616 1)
416 3547 462 3601 Itu
477 3547 560 3601 Halm
573 3564 626 3616 pro
645 3549 750 3603 fuisset.
769 3579 804 3588 -
823 3550 850 3618 2)
870 3549 944 3602 Pleu.
962 3550 1023 3604 ub.
1036 3552 1177 3616 ramos,-
1196 3550 1308 3603 Numae
1326 3547 1400 3616 regis
1418 3550 1483 3618 post

298 3652 361 3690 eum
380 3635 428 3704 [m'c
444 3636 547 3703 serapti,
567 3653 625 3689 cum
639 3637 785 3704 praecedat
799 3636 910 3690 Romuli
929 3639 1026 3691 mentio
1034 3657 1044 3704 ,¹
1065 3637 1209 3705 posthumi
1221 3638 1262 3690 uel
1275 3639 1406 3706 postuma
1420 3637 1486 3690 libri

298 3721 349 3776 Tu.
369 3721 418 3790 Μ.]
436 3721 481 3776 lex
499 3725 554 3775 est:
575 3723 648 3777 ‘vino
666 3723 721 3777 cet*
741 3755 775 3762 -
794 3725 821 3793 3)
840 3723 912 3780 Feci.
933 3725 976 3792 (P.
991 3727 1057 3788 222)
1084 3724 1208 3780 Paelices
1223 3755 1266 3778 -.
1286 3723 1406 3792 Antiqui
1418 3739 1483 3792 pro-

298 3808 359 3878 prie
377 3825 439 3862 eam
457 3809 591 3878 paelicem
610 3810 804 3875 nominabant,
823 3828 896 3880 quae
910 3828 1024 3868 uxorem
1039 3811 1155 3865 habenti
1174 3810 1307 3864 nubebat.
1328 3809 1374 3863 cni
1388 3810 1483 3880 generi

299 3896 447 3951 mulierum
466 3895 554 3950 etiam
573 3913 663 3966 poena
681 3897 836 3953 constituta
854 3900 896 3952 est
910 3896 1032 3952 aNuma
1049 3897 1189 3966 Pompilio
1209 3897 1262 3950 hac
1276 3897 1357 3965 lege:
1377 3896 1485 3964 ‘paelex

298 3985 353 4040 cet)
389 3985 458 4040 Item
477 3985 667 4049 Gallicanae
691 3986 740 4039 ubi
756 3992 795 4039 eat
812 3985 915 4056 tangit,
934 3985 1009 4054 apud
1025 3985 1137 4039 Festum
1163 3987 1273 4054 tanget.
1303 4014 1335 4024 —
1363 3985 1391 4053 4)
1410 3983 1482 4037 Feot.

299 4069 347 4142 (F.
359 4073 418 4138 178)
437 4071 562 4126 Occisum
582 4089 600 4125 a
618 4074 719 4127 necato
737 4071 874 4141 distingui
894 4072 955 4139 (aar.
967 4071 1159 4141 distinguunt)
1177 4071 1301 4140 quidam,
1320 4071 1395 4140 quod
1411 4071 1483 4126 alte·

298 4179 361 4214 rum
379 4177 396 4214 a
414 4160 553 4215 caedendo
572 4163 657 4230 atqua
675 4160 733 4214 ictu
751 4159 811 4214 fieri
830 4161 934 4223 dicunt,
953 4160 1077 4218 ¹alterum
1096 4159 1155 4214 sine
1170 4159 1237 4212 ictu.
1270 4157 1369 4226 Itaque
1383 4159 1413 4212 in
1424 4157 1482 4211 Nu·

302 4265 365 4304 mae
381 4247 511 4318 Pompilii
530 4248 604 4318 regis
618 4248 727 4318 legibus
738 4247 873 4316 scriptum
887 4265 958 4302 csse:
977 4247 1008 4301 ‘si
1022 4247 1163 4303 hominem
1178 4245 1343 4300 fulminibus
1361 4245 1484 4314 (fulmen
1513 4279 1515 4282 -

299 4336 372 4391 lovis
390 4335 521 4406 Scuiiper)
546 4336 692 4392 occisit-
713 4335 815 4391 tollito'
835 4337 864 4390 et
883 4334 965 4389 aiibi:
993 4337 1084 4390 ‘homo
1102 4333 1157 4388 oet'.
1177 4363 1212 4374 -
1238 4333 1265 4403 5)
1284 4333 1341 4387 iovi
1364 4333 1478 4388 feretrio

291 4423 390 4478 darier
409 4425 538 4494 oporteat
555 4427 584 4478 et
596 4424 695 4478 bovem
709 4423 819 4481 caedito
837 4423 885 4492 qui
904 4421 978 4492 cepit
996 4422 1068 4476 aeris
1088 4420 1130 4476 OC
1150 4421 1278 4478 traditur.
