3386 5240
309 1159 369 1262 Ad
392 1195 564 1262 editionem
587 1193 734 1279 quintam
763 1195 962 1278 praemonita
987 1194 1108 1276 pariter
1132 1196 1171 1258 ad
1194 1199 1316 1264 sextam
1339 1219 1411 1281 per·

231 1330 377 1396 veniunt.
424 1327 474 1392 Ad
498 1326 581 1390 hanc
604 1346 731 1409 quoque
747 1323 869 1393 tenelli
889 1325 1048 1389 adiutorio
1066 1349 1125 1392 nos
1140 1349 1214 1392 usos
1229 1349 1297 1393 esse
1313 1351 1411 1412 quee-

233 1477 298 1540 que
320 1476 358 1519 ex
381 1451 605 1518 instrumentis
628 1450 801 1535 recognitis
830 1447 881 1514 vel
903 1449 1028 1513 noviter
1049 1451 1185 1533 repertis
1207 1450 1300 1516 nobis
1322 1453 1415 1516 inno·

232 1581 367 1642 tuerunt
390 1575 498 1652 utilia,
536 1597 572 1638 ea
595 1578 719 1638 mutate
747 1572 908 1637 adiectave
939 1595 1006 1638 esse
1028 1595 1124 1658 opera
1147 1580 1257 1639 nostra
1280 1579 1312 1642 et
1334 1576 1419 1642 liber

231 1700 305 1784 ipae
327 1699 466 1764 ostendit
496 1703 528 1763 et
551 1699 676 1782 potiora
700 1697 733 1760 in
756 1696 859 1760 indice
882 1696 1055 1780 praemisso
1079 1697 1163 1761 notis
1187 1698 1338 1782 adpositis
1360 1695 1422 1764 dae

231 1824 406 1887 alerentur.
442 1820 512 1886 Hoc
528 1820 706 1884 addendum
731 1841 789 1902 pro
805 1841 868 1882 uno
884 1819 1004 1883 editore
1021 1819 1106 1883 hunc
1124 1819 1267 1886 libellum
1282 1822 1419 1888 nactum·

233 1969 304 2012 esse
320 1947 397 2011 duos
414 1969 549 2030 eumque
564 1946 627 2010 iam
646 1948 769 2008 sextum
786 1943 913 2028 prodire
929 1944 1117 2007 recensitum
1136 1965 1232 2027 opera
1244 1942 1422 2010 communi.-

323 2069 453 2135 Praeter
484 2069 547 2134 alia
578 2069 716 2144 minora,
750 2090 830 2152 quae
854 2067 1090 2151 perspicuitatis
1124 2090 1218 2133 causa
1242 2070 1343 2133 visum
1367 2074 1415 2135 est

234 2195 332 2260 aliter
355 2193 591 2270 administrare,
615 2191 648 2255 in
665 2191 801 2277 negotiis
826 2190 1011 2254 ordinandis
1027 2191 1266 2274 dispositionem
1281 2192 1328 2256 ita
1343 2216 1412 2257 mu·

230 2319 383 2394 tavimus,
417 2321 453 2380 ut
475 2313 613 2398 primum
640 2315 740 2378 locum
764 2317 894 2378 teneant
916 2315 1003 2398 leges
1027 2313 1128 2378 diotae
1153 2315 1248 2378 rebus
1272 2337 1413 2380 eommu-
1438 2341 1440 2346 ·

233 2441 333 2506 nibus
356 2440 501 2518 semisve,
527 2437 701 2503 secundum
724 2437 811 2520 leges
834 2437 936 2500 dictae
959 2437 1127 2520 aprivatis
1151 2438 1195 2500 rei
1212 2459 1296 2516 suae,
1320 2439 1416 2504 idest

230 2567 427 2629 testamenta
459 2567 490 2626 et
520 2561 662 2645 reliquae
694 2560 959 2644 mancipationem
992 2548 1123 2625 tertium
1149 2561 1279 2646 negotia
1302 2563 1341 2626 ad
1364 2563 1415 2626 ius

229 2709 341 2752 rerum
364 2685 558 2769 spectantia,
592 2688 741 2768 quartum
764 2705 845 2766 quae
868 2687 1013 2766 spectant
1033 2684 1079 2752 ¹ad
1104 2684 1153 2748 ius
1176 2683 1411 2769 obligationum

231 2809 347 2874 ordine
369 2809 435 2873 fere
451 2807 584 2886 Gaiano,
608 2814 645 2872 ut
666 2831 738 2874 eum
762 2830 863 2892 nuper
879 2807 1048 2892 explicavit
1064 2807 1195 2874 Pernice
1210 2810 1244 2873 in
1259 2830 1412 2894 parergo-

230 2954 306 2997 rum
333 2932 445 3009 tertio,
475 2931 595 2996 scilicet
625 2936 661 2996 ut
685 2933 874 3016 praecedant
904 2953 984 3015 quae
1008 2953 1041 2995 re
1069 2931 1173 2995 verbis
1197 2930 1314 2996 litteris
1337 2954 1413 2996 con-

163 3116 166 3123 .
229 3054 409 3118 trahuntur
439 3055 487 3119 vel
512 3055 691 3130 solvuntur,
724 3035 950 3138 comprehensa
974 3053 1033 3118 sub
1056 3054 1217 3118 communi
1239 3055 1335 3119 titulo
1358 3077 1412 3138 pe·

228 3177 345 3241 cuniae
368 3182 481 3256 certae,
504 3182 679 3261 sequantur
703 3175 915 3262 obligationes
940 3199 1091 3242 consensu
1121 3182 1311 3241 contractae.

323 3299 413 3364 Duae
428 3300 532 3382 operis
548 3303 655 3382 partes
672 3300 781 3384 legum
800 3304 832 3363 et
847 3301 1049 3386 negotiorum
1067 3299 1178 3378 altera,
1195 3301 1297 3363 altera
1313 3299 1413 3382 scrip-

228 3427 342 3488 torum
364 3444 435 3488 cum
459 3445 523 3486 non
547 3424 584 3486 ad
610 3444 719 3487 omnes
747 3422 861 3486 harum
885 3445 991 3487 rerum
1014 3421 1172 3486 studiosos
1195 3421 1314 3504 pariter
1336 3443 1408 3504 per·

228 3547 369 3622 tineent,
392 3544 472 3609 utile
495 3546 597 3609 visum
622 3551 670 3610 est
686 3547 732 3611 ita
749 3546 933 3628 dispescere,
949 3550 986 3608 ut
1001 3566 1143 3609 seorsum
1161 3549 1228 3609 tam
1244 3542 1301 3608 illa
1317 3566 1412 3628 quam

228 3670 314 3733 haec
337 3669 513 3751 comparari
537 3674 656 3752 posset.

324 3839 514 3925 Scripsimns
537 3841 728 3908 Berolini
752 3867 791 3911 m.
819 3842 904 3908 Maio
930 3867 956 3908 a.
982 3843 1076 3908 1893.

672 4019 737 4090 Ta.
765 4018 967 4090 Monnsnu.
1024 4017 1065 4091 Ο.
1097 4018 1362 4090 Gannnnwirz.
