3400 5250
679 417 780 474 Edinta
799 421 970 489 praetorum.
1356 418 1420 483 219

327 595 476 662 XXXIV.
512 597 567 662 De
590 596 801 661 iniuriis¹.
849 597 864 661 1
870 645 1033 662 .......
1040 594 1053 631 ²
1088 596 1151 673 uui
1167 599 1274 660 autem
1290 591 1527 672 iniuria-⁰13,⁶2·.⁵,'’

242 725 311 767 rum
337 701 416 788 agit,
440 705 561 767 eertum
585 702 680 780 diost,
704 702 781 786 quid
798 701 934 766 iniuriae
950 701 1070 766 factum
1086 699 1156 779 sis,
1180 704 1213 764 et
1226 702 1421 766 taxationem

238 811 338 890 ponat
360 829 425 872 non
447 807 603 872 maiorem
628 829 725 892 quam
748 805 862 890 quanti
886 805 1104 870 vadimonium
1127 805 1252 870 fuerin.

327 914 356 979 2.
394 911 456 989 Qui
480 913 631 976 adversus
655 911 756 976 bonos
778 933 882 976 mores
898 897 1077 975 conuicium
1101 912 1152 974 cui
1166 909 1277 974 fecisse
1295 910 1423 976 cuiusve

242 1036 339 1099 opera
361 1016 482 1080 factum
506 1037 574 1080 esse
598 1015 729 1095 dicetur,
756 1037 819 1100 quo
835 1016 987 1080 adversus
1009 1015 1112 1080 bonos
1125 1037 1229 1080 mores
1245 1015 1422 1080 convicium

237 1121 347 1185 tieret:
371 1119 404 1184 in
428 1143 500 1186 eum
523 1120 676 1186 iudicium
700 1119 808 1186 dabo‘.

326 1227 355 1290 3.
391 1225 443 1290 Ne
466 1226 544 1310 quid
566 1224 746 1290 infamandi
769 1247 866 1290 causa
889 1225 956 1290 fiat.
997 1227 1024 1288 si
1049 1226 1119 1308 quis
1143 1227 1293 1290 adversus
1316 1249 1353 1291 eo
1375 1225 1423 1290 fe·

238 1331 326 1410 serit,
350 1336 447 1415 prout
469 1353 614 1416 quaeque
635 1353 685 1395 res
709 1331 781 1408 erit,
805 1330 1084 1396 animadvertam⁶.

326 1434 356 1499 4.
395 1435 457 1512 uui
481 1458 608 1500 servum
634 1436 774 1501 alienum
798 1436 950 1502 adversus
973 1436 1074 1500 bonos
1089 1457 1193 1500 mores
1209 1436 1423 1501 verberavisse

237 1539 315 1604 deve
347 1561 384 1604 eo
415 1541 536 1605 iniussu
561 1541 682 1605 domini
706 1541 927 1625 quaestionem
950 1540 1100 1605 habuisse
1123 1541 1261 1618 dicetur,
1292 1541 1421 1604 insum

240 1643 392 1708 iudicium
426 1645 517 1709 dabo.
551 1645 630 1710 item
658 1646 685 1710 si
709 1646 785 1730 quid
809 1647 897 1710 aliud
920 1646 1043 1711 fastum
1066 1667 1134 1710 esse
1156 1646 1294 1725 dicotur,
1328 1668 1423 1711 causa

240 1749 371 1834 cognita
392 1750 545 1816 iudicium
569 1751 679 1816 dabo'.

327 1855 357 1918 5.
393 1853 427 1920 si
450 1856 488 1935 ei,
522 1857 633 1940 quiin
657 1857 789 1922 alterius
812 1861 973 1940 potestate
997 1857 1074 1934 erit,
1105 1856 1224 1920 iniuria
1247 1855 1334 1920 facts
1356 1877 1422 1920 esse

241 1957 366 2022 dicetur
388 1964 420 2024 et
444 1983 547 2045 neque
567 1963 605 2041 is,
629 1963 719 2026 ouius
742 1962 776 2026 in
800 1965 961 2046 potestate
983 1966 1040 2040 est,
1065 1981 1213 2046 praeseus
1237 1961 1298 2024 erIt
1319 1981 1422 2044 nequo

238 2069 428 2146 procurator
451 2067 621 2151 quisquam
642 2067 771 2146 existet,
796 2067 851 2150 qui
868 2066 1051 2130 eonomine
1068 2070 1158 2151 agot:
1183 2086 1278 2130 sauss
1293 2066 1422 2150 cognita

239 2169 311 2252 ipsi,
337 2169 392 2254 qui
415 2170 566 2236 iniuriam
589 2171 746 2254 accepisse
769 2171 902 2247 dicetur,
926 2168 1078 2232 iudicium
1102 2168 1211 2233 dubo⁸.

429 2345 530 2429 (Pons
553 2352 678 2428 qnnito.
723 2343 775 2410 De
798 2347 943 2410 extremis
966 2345 1240 2428 iurisdietionem&

327 2483 459 2550 XXXV.
496 2486 578 2566 Qui,
603 2489 938 2568 nisiseqnnntnr‚
963 2486 1174 2550 dnoontnr.
1210 2489 1239 2550 1.
1264 2485 1421 2550 Condem-
1523 2503 1529 2522 ’

240 2593 346 2668 natus,
369 2593 406 2653 ut
427 2591 594 2673 pecuniam
617 2589 756 2654 solvst¹⁰
781 2639 942 2656 .......
1446 2620 1511 2658 no.

331 2695 359 2762 2.
396 2744 429 2759 ..
454 2697 544 2760 ouius
568 2697 605 2759 de
628 2717 665 2760 ea
688 2717 722 2758 re
744 2695 922 2759 iurisdictio
945 2699 1028 2761 estu.
1424 2693 1529 2772 iiiiii?
1582 2723 1584 2726 ’

328 2798 478 2865 XXXVI.
512 2801 588 2877 Qui
611 2823 741 2886 neque
764 2805 1001 2884 sequantur
1024 2799 1423 2884 nequeduosntur¹².

330 2903 498 2969 XXXVII.
535 2905 704 2982 Quibus
736 2929 783 2971 ex
806 2907 947 2971 causis
969 2907 1007 2970 in
1030 2907 1337 2990 possessionem
1362 2929 1423 2972 ea·

239 3012 339 3072 tur²³
356 3059 542 3076 ........
585 3014 611 3078 1.
649 3013 739 3094 Quod
766 3033 835 3076 son
862 3012 991 3093 pupillo
1021 3017 1212 3076 contractum
1236 3012 1306 3086 enit,
1339 3012 1368 3075 si
1391 3031 1423 3075 eo

241 3115 365 3178 nomine
387 3135 451 3178 non
474 3115 663 3198 defendetur,
687 3117 755 3180 eins
777 3117 823 3180 rei
845 3116 1017 3180 servandos
1039 3137 1137 3180 sonsa
1159 3116 1241 3179 boin
1264 3116 1331 3179 eins
1349 3135 1423 3195 pos-

239 3220 338 3284 sideri
361 3221 480 3284 iubeto.
519 3222 546 3285 si
568 3221 596 3285 is
619 3221 761 3305 pupillus
784 3222 818 3284 in
842 3243 932 3284 suem
956 3221 1092 3290 tutelam
1116 3219 1239 3284 venerit
1266 3241 1341 3282 eave
1362 3241 1423 3301 pu-

238 3379 453 3388 ...-.—...„..............-.

315 3446 343 3514 1)
362 3445 447 3500 Rubi.
467 3445 505 3498 D.
523 3450 612 3515 47‚10.
631 3477 666 3486 -
684 3446 712 3518 2)
733 3446 802 3501 Geli.
820 3449 944 3515 20,1‚13.·
962 3447 1116 3515 ‘praetores
1135 3485 1184 3501 ...
1202 3443 1313 3498 iniuriis
1334 3481 1423 3498 .....

241 3531 438 3587 aestumandis
466 3536 675 3604 recuperatores
702 3552 731 3590 se
755 3534 871 3590 daturos
897 3533 1061 3588 edixerunt’.
1093 3567 1126 3576 -
1154 3534 1181 3600 3)
1199 3531 1238 3587 D.
1257 3535 1365 3600 47,10‚7
1378 3548 1424 3600 pr.

248 3619 341 3688 Verba,
369 3637 438 3690 quoe
455 3628 613 3690 sequnntur,
638 3624 667 3676 in
685 3623 738 3692 din.
758 3623 864 3688 sinissa,
884 3622 1009 3690 leynntnr
1026 3622 1056 3674 in
1076 3620 1142 3678 son.
1159 3623 1237 3689 2,6,1.
1257 3649 1291 3659 -
1310 3622 1337 3688 4)
1358 3619 1423 3674 sou.

239 3711 324 3776 2,6‚4.·
344 3707 475 3761 ‘formula
491 3709 637 3779 proposita
654 3712 713 3764 est:
734 3709 806 3778 quod
822 3708 889 3762 Auli
900 3707 997 3778 Agerii
1021 3725 1117 3778 pugno
1130 3708 1207 3764 mola
1221 3723 1349 3778 percussa
1364 3705 1424 3763 est'

240 3825 273 3838 -
294 3797 325 3862 5)
348 3795 385 3848 D.
399 3798 557 3864 47,10,15,2.
576 3828 610 3838 -
628 3799 656 3866 6)
675 3797 713 3851 D.
727 3799 902 3865 47,10,15,25.
942 3794 1089 3849 Formnioe
1102 3801 1209 3864 partein
1230 3795 1333 3850 exhibet
1357 3795 1423 3850 son.

239 3887 330 3952 2,6,5.·
349 3881 430 3950 ‘quod
450 3882 529 3935 NtN·
544 3884 648 3952 simum
668 3884 762 3952 (iilum
774 3883 850 3953 cdd.)
867 3882 987 3937 Immisit
1005 3882 1145 3952 (libellum
1158 3882 1236 3937 misit
1254 3882 1323 3951 Mo.)
1343 3884 1424 3936 A⁰A⁰

240 3971 402 4026 infamandi
421 3969 523 4025 eouss.'
542 4001 576 4012 -
596 3974 623 4042 7)
642 3973 679 4026 D.
692 3975 869 4040 47,10,15,34.
889 4001 923 4012 -
942 3970 969 4040 8)
983 3971 1020 4026 D.
1033 3974 1212 4038 47‚10,1710.
1233 4001 1264 4010 -
1287 3969 1315 4040 9)
1326 3971 1363 4024 In
1374 3972 1425 4025 hac

238 4064 318 4128 porte
342 4064 452 4127 praetor
477 4059 575 4113 eund:
605 4063 628 4114 i.
647 4059 679 4113 de
696 4060 755 4112 inre
774 4059 923 4125 dnets'onis3
949 4058 974 4112 2.
995 4057 1027 4111 de
1045 4058 1122 4111 bonis
1135 4055 1303 4125 possidendis
1321 4063 1346 4111 et
1364 4074 1424 4112 uen-

242 4146 349 4213 dendis5
376 4147 400 4200 3.
428 4146 459 4198 de
478 4163 506 4200 re
523 4147 659 4214 indicata,
686 4149 705 4202 i.
724 4164 745 4200 e.
765 4147 797 4200 de
814 4147 920 4200 notione
936 4145 1052 4198 indicati
1069 4151 1094 4199 et
1111 4145 1248 4198 sententiis
1265 4145 1296 4197 in
1314 4144 1425 4212 dnplnon

240 4233 404 4287 revocandis.
442 4233 477 4286 Ε.
491 4233 522 4287 P.
539 4250 567 4301 p.
577 4237 612 4286 34
621 4249 677 4301 sqq.
698 4263 733 4272 —
754 4233 796 4290 toi
816 4233 855 4287 D.
868 4236 992 4300 42,1,4,3.
1009 4261 1045 4272 -
1064 4233 1108 4299 11)
1126 4231 1164 4286 D.
1176 4234 1265 4298 42,1,5
1278 4247 1324 4300 pr.
1342 4229 1424 4284 Edic-

243 4329 307 4389 tum,
327 4323 404 4375 enins
421 4322 501 4375 verba
518 4321 568 4374 doe
586 4322 643 4374 loeo
661 4321 825 4388 reseruntur,
846 4337 899 4388 qno
915 4321 1050 4388 pertineat
1063 4335 1117 4388 nro
1136 4325 1207 4372 serto
1225 4335 1280 4371 non
1303 4318 1424 4372 dixerim.

241 4439 275 4450 —
295 4409 340 4478 12)
360 4408 446 4462 Rnbn
467 4409 571 4462 exhibet
589 4407 651 4462 Gai.
672 4407 711 4463 D.
731 4411 862 4476 50,14,48.
901 4405 943 4476 Os.
963 4407 998 4460 D.
1014 4406 1043 4460 P.
1061 4411 1150 4472 §20L
1170 4436 1202 4444 -
1225 4404 1268 4473 13)
1289 4405 1373 4459 Rnbr.
1387 4405 1424 4458 D.

240 4502 311 4567 sen.
