3386 5240
367 1157 433 1246 EX
459 1157 805 1286 PRAEFATIONE
833 1158 1081 1249 cormunis
1109 1148 1379 1250 sucorum.

363 1533 411 1643 In
435 1581 619 1646 adornanda
644 1581 737 1645 huius
761 1582 956 1646 collectionis
979 1604 1062 1646 nova
1085 1581 1223 1646 editione
1246 1579 1364 1662 prioris
1387 1579 1461 1641 lun·

284 1712 441 1790 demerita,
467 1734 525 1776 usu
549 1712 764 1796 comprobata,
788 1713 953 1776 retinenda
975 1714 1097 1790 censui;
1122 1717 1261 1776 ceterum
1284 1711 1317 1775 id
1341 1711 1402 1795 egi,
1426 1714 1462 1774 ut

284 1835 425 1900 addendo
458 1840 490 1899 et
523 1835 717 1899 emendando
748 1835 839 1919 quasi
867 1837 1015 1899 manuale
1039 1835 1195 1918 quoddam
1220 1833 1360 1898 fontium
1383 1832 1461 1896 iuris
1489 1921 1490 1924 Ἴ

283 1957 409 2041 ¹antiqui
440 1979 541 2042 usque
573 1958 610 2022 ad
644 1958 801 2022 saeculum
834 1959 966 2023 tertium
990 1981 1020 2042 p.
1044 1957 1118 2022 Chr.
1143 1981 1174 2023 n.
1199 1979 1282 2021 nunc
1305 1978 1459 2041 pararem.

285 2077 416 2144 Retinui
438 2081 540 2164 igitur
562 2081 659 2144 trium
684 2080 823 2164 portium
842 2081 1100 2164 dispositionem:
1125 2081 1230 2166 legum
1248 2079 1461 2164 negotiorum,

284 2202 484 2285 scriptorum.
531 2203 652 2269 Earum
676 2210 783 2269 autem
806 2205 837 2268 in
863 2205 1009 2288 primam,
1035 2209 1161 2289 praeter
1176 2204 1282 2289 legum
1301 2203 1461 2286 regiarum

285 2327 316 2387 et
338 2321 400 2388 XII
423 2325 605 2390 tabularum
636 2328 802 2412 reliquias,
835 2350 919 2392 nunc
943 2328 1046 2412 leges,
1080 2349 1161 2410 quse
1184 2326 1312 2410 proprie
1337 2325 1382 2390 sic
1405 2347 1461 2408 op-

285 2446 497 2529 ponebantur,
528 2471 636 2514 omnes
659 2451 788 2515 omnino
811 2452 930 2534 recepi,
965 2472 1100 2534 quarum
1123 2448 1220 2513 verba
1243 2449 1384 2534 genuino
1407 2451 1463 2511 sut

283 2567 546 2652 inscriptionibus
576 2577 632 2637 out
663 2572 755 2636 libris
785 2573 877 2636 nobis
901 2572 1022 2636 tradita
1045 2576 1135 2649 sunt,
1170 2576 1206 2634 ut
1228 2593 1292 2636 uno
1315 2571 1407 2655 qussi
1429 2572 1462 2634 in

283 2694 452 2773 conspectu
476 2693 611 2775 perspici
635 2697 730 2777 atque
752 2693 837 2757 inter
860 2715 893 2756 se
911 2695 1089 2777 comparari
1105 2695 1243 2778 possint;
1268 2695 1462 2779 eandemque

285 2817 410 2876 secutus
441 2815 598 2880 rationem
630 2816 727 2880 etiam
760 2821 889 2880 senatus
920 2816 1065 2880 consults
1097 2818 1212 2894 omnis,
1247 2839 1328 2900 quoe
1351 2817 1391 2880 ad
1412 2817 1462 2880 ius

287 2935 455 3018 pertinent,
480 2936 588 3001 adieci.
637 2937 663 3000 E
687 2939 798 3002 ceteris
822 2945 951 3005 senatus
968 2940 1121 3005 consultis
1142 2942 1281 3025 itemque
1298 2964 1335 3005 cx
1351 2941 1462 3005 edictis

284 3058 461 3143 privilegiis
484 3062 611 3124 nonnisi
634 3063 823 3146 gravissima
846 3085 998 3147 quaeque,
1024 3063 1141 3127 artiore
1160 3063 1285 3126 vinculo
1306 3085 1377 3127 cum
1393 3063 1462 3128 iure

285 3180 462 3260 coniuncto,
486 3183 600 3267 recepi.

371 3303 449 3369 Pars
473 3307 608 3371 secunde
632 3307 739 3371 omnis
758 3331 841 3373 nunc
858 3308 1001 3375 continet
1016 3308 1156 3390 negotia,
1181 3331 1262 3392 quoe
1279 3308 1461 3393 inscriptio·

285 3427 378 3491 nibus
409 3428 502 3492 nobis
524 3429 644 3494 tradite
667 3434 742 3494 sunt
765 3455 865 3516 usque
890 3433 929 3496 sd
951 3433 1112 3496 saeculum
1136 3433 1276 3498 tertium.
1327 3432 1462 3496 Additoe

284 3553 359 3612 sunt
382 3548 549 3614 titulorum
573 3554 771 3635 quorundam
799 3554 1022 3638 sepulcralium
1046 3559 1153 3638 partes
1176 3555 1216 3618 sd
1239 3555 1288 3619 ius
1312 3555 1460 3639 negotis·

287 3694 347 3756 que
370 3672 476 3736 civilis
498 3678 687 3756 spectantes.

369 3794 477 3860 Tertio
499 3819 573 3882 pars
597 3801 684 3862 certe
706 3799 828 3862 ratione
852 3797 1008 3881 certisque
1033 3797 1152 3861 finibus
1176 3798 1392 3864 circumscribi
1409 3801 1462 3864 vix

282 3924 398 4002 potest.
445 3917 620 4003 Scriptores
643 3920 722 3984 iuris
745 3919 906 3983 consultos
931 3941 1059 4003 prorsus
1076 3919 1178 3997 omisi,
1203 3941 1274 3984 cum
1290 3920 1462 4005 separatim

287 4042 363 4106 editi
395 4042 460 4107 sint
491 4043 524 4108 in
548 4043 706 4108 Huschkii
733 4043 984 4126 iurisprudentis
1008 4041 1267 4108 anteiustiniana.
1315 4043 1365 4107 Ex
1388 4043 1462 4107 reli-

286 4167 356 4249 quis
380 4168 487 4229 autem
510 4164 693 4229 auctoribus
716 4167 901 4230 remotiores
918 4170 1045 4230 tantum
1061 4166 1221 4250 exscripsi,
1239 4168 1294 4251 qui
1310 4167 1462 4231 maiorem

285 4290 444 4374 quandum
478 4290 511 4352 iu
543 4289 622 4352 iuris
654 4289 797 4354 doctrina
821 4288 943 4352 habent
965 4289 1196 4355 auctoritatem.
1246 4289 1366 4366 Quodsi
1389 4311 1462 4353 vero

288 4411 358 4495 quis
382 4411 484 4489 dieat,
515 4411 612 4475 etism
635 4410 715 4474 alios
738 4411 835 4474 fuisse
859 4410 1067 4494 recipiendos,
1101 4410 1220 4474 aliosve
1243 4433 1281 4474 ex
1303 4412 1341 4474 iis
1366 4410 1463 4475 fuisse
