3400 5254
276 390 318 454 62
604 386 702 444 Varro.
721 386 755 440 de
773 385 873 454 lingua
893 385 1003 450 Latina,
1025 386 1044 442 l.
1066 385 1129 442 Vll.

278 565 328 629 sul
361 567 394 628 in
426 565 569 652 singulos
601 585 701 628 annos
729 563 814 647 quod
836 563 889 628 hie
912 564 1065 628 exercitui
1087 564 1245 646 imperare
1268 568 1375 647 potest
1398 587 1463 648 quo

278 673 344 746 eat,
378 670 410 733 id
443 671 527 753 quod
559 675 691 754 propter
713 670 892 735 centuriata
915 670 1045 733 comitia
1067 669 1225 752 imperare
1247 670 1360 734 solent.
1407 671 1461 735 94.

281 775 386 850 Quare
409 795 474 839 non
498 779 546 838 est
569 774 713 851 dubium,
738 772 832 856 quin¹
857 773 918 837 hoc
940 774 982 837 in
1006 774 1149 842 licium
1172 773 1224 854 sit,
1248 796 1319 839 oum
1343 775 1462 840 circum

279 899 387 943 muros
419 879 500 957 itur,
533 883 569 942 ut
594 879 729 962 populus
753 877 918 941 inliciatur
950 879 989 942 ad
1013 878 1223 962 magistratus
1246 883 1462 963 conspectum,

280 984 336 1068 qui
359 984 445 1048 viros
469 983 597 1049 vocare²
622 987 747 1066 potest,
779 983 811 1046 in
837 1003 907 1045 eum
931 982 1049 1060 locum,
1084 984 1168 1046 unde
1190 1006 1251 1048 vox
1275 980 1314 1048 ad
1338 984 1463 1048 contio-

280 1111 352 1153 nem
377 1091 521 1154 vocantis
543 1089 688 1154 exaudiri
712 1089 824 1172 possit.
850 1123 893 1136 -

371 1193 421 1259 95.
461 1193 531 1258 Hoc
563 1215 647 1256 nunc
679 1193 773 1256 aliter
795 1191 834 1255 fit
858 1197 954 1276 atque
977 1193 1069 1271 olim,
1104 1194 1188 1277 quod
1213 1215 1316 1278 augur
1340 1193 1464 1258 consuli

281 1298 371 1362 adest
393 1303 461 1362 tum
485 1320 557 1362 oum
578 1298 735 1362 exercitus
758 1297 945 1381 imperatur,
969 1319 1006 1361 ac
1026 1299 1141 1382 praeit,
1165 1299 1241 1382 quid
1266 1321 1337 1362 eum
1361 1299 1465 1363 dicere

282 1408 439 1487 oporteat.
485 1404 602 1468 Consul
627 1404 760 1488 auguri³
784 1405 943 1486 imperare
964 1403 1064 1482 solet,
1098 1407 1135 1467 ut
1156 1403 1206 1466 in⁴
1232 1402 1339 1466 licium
1364 1407 1464 1480 vocet,

282 1531 347 1573 non
370 1530 499 1573 accenso
522 1513 580 1572 aut
604 1507 762 1592 praeconi.
810 1507 846 1572 ld
870 1509 1032 1592 inceptum
1048 1508 1149 1585 credo,
1174 1529 1245 1572 cum
1261 1529 1325 1571 non
1341 1507 1466 1572 adesset

282 1634 440 1688 accensus,
466 1618 498 1677 et
520 1613 602 1677 nihil
625 1613 789 1691 intererat,
814 1613 864 1676 cui
881 1613 1066 1698 imperaret3
1092 1617 1124 1677 et
1140 1613 1218 1676 diois
1234 1633 1328 1676 causa
1343 1612 1465 1676 fiebant

284 1719 439 1802 quaedam
463 1739 565 1801 neque
588 1719 665 1782 item
690 1717 775 1781 facta
799 1739 902 1802 neque
924 1719 1002 1782 item
1025 1718 1110 1782 dicta
1134 1739 1266 1801 semper.

797 1911 879 1965 Liber
898 1909 958 1965 Vll.

375 2037 424 2100 15.
465 2035 717 2100 anfractum
741 2039 789 2098 est
811 2035 946 2110 flexum,
980 2035 1020 2098 ab
1045 2034 1168 2119 origine
1191 2034 1310 2117 duplici
1334 2035 1466 2112 dictum,

286 2143 326 2206 ab
350 2143 473 2207 ambitu
497 2146 529 2206 et
551 2141 751 2224 frangendo;
783 2141 822 2204 ab
847 2162 883 2204 eo
907 2141 993 2227 leges
1016 2137 1128 2203 iubent
1150 2139 1183 2201 in
1207 2139 1325 2203 directo
1350 2141 1465 2222 pedum

287 2244 382 2310 V111⁶
406 2269 483 2326 esse,
506 2248 539 2310 in
565 2246 711 2311 anfracto
735 2244 825 2322 XVI,
849 2245 880 2308 id
905 2245 1009 2309 estin
1032 2245 1126 2308 flexu.
1325 2291 1327 2294 -

375 2350 427 2414 51.
465 2350 715 2434 Supremam
747 2350 787 2412 ab
815 2371 1002 2432 superrumo
1025 2350 1161 2426 dictum;
1193 2349 1299 2433 itaque
1329 2348 1393 2414 ΧΠ
1417 2354 1468 2414 ta·

286 2451 397 2518 bulae⁶
421 2454 548 2518 dicunt:
576 2455 667 2518 leolis
691 2475 804 2520 occasu
828 2454 889 2518 diei
914 2476 1062 2537 suprema
1084 2458 1256 2537 tempestas
1279 2457 1368 2520 esto'

375 2560 427 2624 93.
463 2558 620 2645 largio,
644 2560 677 2623 id
701 2564 749 2624 est
774 2559 898 2637 litibus;
922 2560 1031 2643 itaque
1055 2559 1170 2642 quibus
1195 2579 1243 2623 res
1259 2564 1327 2624 erat
1342 2559 1376 2622 in
1391 2579 1468 2623 con·

286 2664 460 2741 troversia,
495 2687 532 2728 ea
564 2666 739 2728 vocabatur
762 2665 838 2728 lis:
873 2665 943 2728 ideo
965 2665 1000 2728 in
1023 2664 1201 2728 actionibus
1224 2664 1366 2730 videmus
1389 2664 1467 2728 diei:

289 2768 401 2843 ‘Quam
426 2791 501 2846 rem,
526 2770 592 2833 sive
616 2770 682 2833 me⁷
707 2771 795 2834 litem
820 2771 923 2834 dicere
945 2771 1100 2852 oportet’3
1125 2791 1162 2834 ex
1186 2789 1250 2852 quo
1273 2769 1346 2833 licet
1362 2769 1469 2834 videre

287 2873 466 2956 iurgare
490 2895 556 2937 esse
580 2874 620 2937 ab
643 2876 713 2938 iure
737 2876 867 2954 dictum,
898 2897 969 2939 cum
994 2875 1065 2957 quis
1088 2875 1157 2938 iure
1179 2875 1339 2958 litigaret3
1363 2896 1382 2936 a
1405 2896 1469 2957 quo

288 2976 440 3060 obiurgat
462 2977 499 3055 is,
525 2978 580 3061 qui
602 2979 635 3042 id
658 2978 739 3043 facit
760 2979 869 3044 iuste⁸.

376 3081 428 3147 98.
465 3079 622 3168 [Gravi]
646 3085 747 3148 valet⁹
770 3085 939 3160 constitui;
962 3085 1072 3168 itaque
1087 3084 1188 3161 heroe,
1212 3105 1282 3147 cum
1301 3083 1471 3147 const'tuit

287 3209 322 3250 se
346 3187 493 3251 heredem
518 3210 595 3264 esse,
619 3188 735 3253 dicitur
757 3211 930 3254 cernere
944 3188 982 3267 ¹⁰,
1006 3194 1038 3252 et
1061 3211 1133 3252 oum
1155 3189 1186 3251 id
1212 3189 1298 3265 fecit,
1321 3188 1468 3252 crevisse.

380 3292 450 3359 105.
487 3291 644 3358 Nexum
678 3295 830 3358 Manilius
858 3295 969 3359 scribit
992 3317 1085 3358 omne
1110 3294 1193 3376 quod
1218 3316 1273 3376 per
1295 3293 1413 3357 libram
1436 3297 1471 3358 et

289 3419 341 3461 aes
365 3397 553 3481 geriturll,
578 3397 611 3461 in
636 3421 699 3482 quo
723 3401 788 3463 sint
810 3400 987 3483 mancipia;
1020 3398 1155 3477 Muciae,
1179 3420 1260 3482 quae
1283 3420 1339 3481 per
1362 3419 1414 3462 aes
1438 3403 1472 3462 et

289 3502 405 3566 libram
435 3503 528 3582 fiant,
561 3507 597 3567 ut
621 3503 816 3588 obligentur,
849 3509 976 3588 praeter
1008 3527 1089 3587 quae
1110 3503 1269 3586 mancipio
1292 3504 1470 3568 denrur12.

289 3605 361 3671 Hoc
390 3607 494 3672 verius
519 3631 585 3672 esse
609 3609 714 3692 ipsum
739 3609 870 3672 verbum
893 3608 1048 3685 ostendit,
1081 3609 1204 3692 dequo
1229 3608 1371 3692 quaerit;
1395 3629 1471 3671 nam

290 3710 321 3772 id
347 3715 404 3788 est,
429 3713 512 3795 quod
537 3713 701 3797 obligatur
724 3735 780 3797 per
803 3712 918 3776 libram
943 3733 1045 3796 neque
1070 3735 1161 3776 suum
1186 3712 1232 3790 fit,
1256 3712 1330 3776 inde
1353 3734 1472 3776 nexum

290 3813 419 3879 dictum.
467 3815 571 3894 Liber,
596 3817 651 3901 qui
673 3839 747 3882 suas
770 3840 882 3900 operas
898 3819 931 3882 in
948 3818 1135 3882 servitutem
1151 3839 1209 3900 pro
1224 3817 1357 3900 pecunia
1374 3839 1470 3900 quam

365 4024 391 4092 1)
410 4023 490 4092 quin]
509 4039 569 4076 oum
590 4023 624 4076 F.
647 4054 680 4062 -
698 4024 726 4092 2)
746 4024 839 4092 quires
859 4023 953 4078 uocari
973 4024 1006 4077 F.
1029 4056 1059 4064 ··-
1080 4027 1107 4091 3)
1127 4042 1218 4095 augur
1238 4026 1271 4080 F.
1293 4055 1324 4066 -
1345 4027 1372 4094 4)
1391 4025 1415 4078 is
1434 4025 1471 4079 F.

304 4141 322 4149 -
342 4113 369 4177 5)
387 4109 464 4166 uiam
483 4112 534 4164 tae.
554 4111 649 4165 Christ.
671 4141 698 4150 -
727 4113 752 4173 6)
774 4110 880 4165 tabulis
902 4111 933 4166 F.
947 4142 982 4151 —
1001 4111 1058 4179 Ofr.
1079 4120 1140 4168 tom.
1153 4113 1174 4166 I
1183 4131 1213 4181 p.
1226 4117 1260 4166 18
1279 4115 1332 4167 tab.
1354 4113 1378 4180 1,
1391 4115 1417 4166 8.
1436 4143 1474 4154 —-

290 4201 317 4265 7)
336 4197 375 4252 mi
394 4197 429 4252 F.
448 4229 481 4236 -
500 4197 527 4266 8)
549 4197 590 4265 Of.
611 4198 719 4251 Noniae
740 4198 875 4264 Iurgium.
895 4229 929 4238 -
950 4201 977 4270 9)
995 4206 1058 4253 ante
1075 4201 1153 4255 valet
1171 4201 1230 4254 laiac
1240 4200 1274 4253 F.
1295 4233 1328 4242 —
1353 4201 1395 4266 10)
1414 4217 1475 4256 cer-

290 4285 368 4355 nere]
387 4300 486 4338 canere
505 4284 539 4340 F.
560 4315 590 4324 -—
613 4286 654 4351 11)
676 4284 728 4338 Cic.
744 4285 775 4338 dc
793 4301 830 4338 or.
852 4289 990 4354 3‚40,159.·
1008 4303 1109 4340 nexum
1128 4287 1202 4356 quod
1221 4305 1270 4356 per
1289 4287 1392 4342 libram
1413 4289 1476 4358 agi·

291 4374 346 4426 tur.
387 4371 449 4439 Top.
471 4374 546 4438 5‚28:
573 4369 746 4426 abalienatio
765 4375 808 4425 est
827 4372 885 4428 eius
904 4374 953 4437 rei,
974 4391 1046 4442 quae
1066 4375 1188 4443 mancipi
1210 4377 1259 4440 est,
1280 4371 1331 4431 aut
1349 4374 1471 4432 traditio

292 4457 377 4512 alteri
396 4474 478 4524 nexu,
498 4459 550 4511 aut
568 4458 597 4511 in
616 4458 676 4512 iure
694 4459 786 4515 cessio.
808 4491 838 4498 -
862 4461 903 4530 12)
921 4463 1120 4530 praeterquam
1140 4480 1177 4514 m.
1196 4461 1279 4516 detur
1298 4461 1333 4515 F.
