3390 5246
698 385 754 441 Lex
772 387 943 442 horreorum.
1349 388 1412 453 329

231 622 391 706 proximus
423 623 573 683 venturas
603 615 677 680 Tito
709 611 878 681 Beusuntis
912 619 967 700 qui
998 619 1030 680 et
1062 614 1189 680 Brudus
1221 616 1250 679 X
1282 619 1412 680 centum

232 727 380 810 quinque.
427 723 476 787 Ex
499 745 562 807 qua
585 721 777 806 merliicede
801 719 928 803 a[d]huc
951 721 984 784 iu
1003 741 1089 784 cesso
1108 721 1229 804 accepit
1246 720 1272 784 X
1292 718 1412 804 viginti

232 828 455 915 quin(⁹)qu[e].
502 825 699 909 Reliqualm)
724 825 897 888 mercedem
923 846 979 907 per
994 828 1139 906 tempora
1158 823 1226 908 (¹⁰)
1245 825 1413 905 ucci[pe]re

232 935 367 1000 debebit.
414 931 499 1007 Quus
524 952 636 1013 operes
659 952 753 994 sanes
776 927 990 1013 vuicni¹¹ites
1014 927 1105 992 edere
1128 928 1255 993 debebit
1277 928 1412 991 conduc·

233 1041 296 1104 tori
319 1037 442 1123 s(uprs)
467 1036 583 1121 sicript
605 1033 628 1118 ).
676 1032 745 1118 (1²)
772 1032 913 1109 Quodsi
938 1032 1006 1117 (¹³)
1031 1029 1157 1118 inlidito
1181 1032 1371 1096 conductore
1395 1055 1413 1095 a

231 1167 265 1208 re
287 1143 452 1225 cessa[b]it‚
476 1143 509 1204 in
536 1140 601 1203 dies
628 1139 699 1224 (¹4)
727 1189 783 1202 ..,

568 1315 663 1396 †138.
688 1312 766 1376 Lex
791 1311 1050 1376 horreorum.

304 1455 423 1510 Tabulae
440 1470 605 1509 marmoreae
619 1469 688 1521 pars
701 1451 814 1504 dimidiu
825 1452 939 1506 sinistra
958 1453 986 1512 il.
1000 1469 1034 1506 m.
1044 1453 1114 1518 O,98,
1134 1469 1158 1505 a.
1169 1468 1202 1506 m.
1213 1453 1287 1518 088)
1307 1456 1414 1518 reperta

232 1561 257 1598 a.
270 1546 337 1596 1885
357 1543 459 1598 Romae
477 1549 554 1596 eatru
568 1547 679 1608 portum
697 1538 842 1594 Salariam.
880 1538 978 1592 Edidit
994 1545 1019 1593 et
1037 1539 1171 1608 suppleuit
1189 1556 1247 1592 earn
1259 1539 1315 1592 Ios.
1327 1537 1412 1603 Galli,

231 1631 293 1685 bull.
302 1630 371 1684 dellu
382 1630 514 1684 commiss.
526 1629 598 1702 urob.
611 1641 741 1690 commun.
749 1629 818 1680 1885
830 1644 856 1694 p.
869 1630 1019 1695 110-1295
1032 1629 1233 1688 tractabilium
1245 1626 1273 1679 V.
1285 1625 1411 1690 Seialoiu,

230 1719 329 1772 riuistu
346 1719 405 1772 ital.
421 1734 472 1785 per
490 1718 637 1770 lesciense
653 1715 804 1784 piuridicbe
822 1714 846 1768 1.
866 1745 896 1752 -
918 1713 1087 1783 Quamquam
1104 1715 1141 1768 ad
1152 1715 1277 1768 Caesaris
1289 1714 1414 1766 borremn

224 1807 350 1874 pertinet,
369 1805 450 1873 leuem
466 1805 552 1872 posui
568 1805 642 1856 inter
660 1804 768 1872 nepotia
783 1805 909 1871 priuata5
927 1820 986 1856 uere
998 1804 1068 1856 enim
1080 1821 1135 1857 non
1147 1809 1187 1857 est
1200 1804 1256 1856 nisi
1267 1799 1413 1856 communis

223 1895 317 1960 forma
335 1895 512 1947 locationibus
533 1893 637 1956 futuris
657 1892 694 1944 ool
710 1891 740 1944 id
756 1891 882 1944 borreum
899 1893 1092 1959 pcrtinentibus
1109 1894 1140 1942 iu
1158 1891 1313 1943 uniuersum
1330 1905 1347 1940 u
1367 1887 1412 1940 do·

229 1982 302 2033 mino
325 1981 448 2034 stabilita
472 1979 585 2047 ideoque
606 1981 715 2047 publice
734 1981 905 2048 proscripta,
929 1981 1033 2047 pariter
1050 1985 1129 2047 atque
1147 1979 1274 2031 tabernac
1292 1977 1412 2031 cuiusvis

230 2067 364 2122 dominus
379 2068 482 2120 similia
508 2083 599 2120 cauere
618 2073 708 2135 potest
726 2073 750 2120 et
764 2067 939 2134 proscribere.
977 2065 1085 2120 Scilicet
1102 2067 1227 2118 dominus
1246 2065 1372 2118 tabernae
1390 2067 1415 2118 si

230 2157 343 2222 repotiis
359 2155 400 2207 ibi
417 2155 451 2208 ab
471 2170 501 2206 eo
521 2171 597 2222 quem
616 2156 641 2208 ei
656 2156 800 2222 proposuit
818 2155 1007 2208 contrahendis
1025 2160 1122 2208 certum
1135 2153 1257 2221 sormam
1275 2151 1339 2205 dure
1356 2153 1414 2206 nult

231 2257 315 2308 neque
332 2241 412 2294 aliter
430 2241 522 2307 tenui,
543 2241 624 2308 lepem
638 2241 850 2308 praepositionis
864 2242 959 2308 palum
973 2241 1126 2308 proscribat
1143 2256 1247 2294 necesse
1264 2245 1309 2303 est,
1328 2245 1359 2292 ut
1371 2241 1412 2292 uit

236 2327 369 2395 priunus
394 2327 457 2396 Dip.
477 2331 622 2395 14,3‚11,3:
649 2327 821 2396 proscribere
846 2327 942 2396 pelam
968 2328 1007 2381 sic
1032 2327 1182 2396 accipimus
1207 2326 1290 2380 claris
1308 2325 1412 2380 litteris

231 2413 305 2467 unde
331 2415 365 2468 de
391 2415 477 2483 plano
503 2418 577 2467 recte
601 2415 658 2482 legi
685 2415 789 2482 possit,
818 2417 885 2468 ante
908 2414 1056 2468 tabernam
1076 2413 1181 2468 scilicet
1199 2415 1242 2468 vel
1264 2416 1331 2468 ente
1349 2430 1412 2467 eum

231 2499 329 2564 locum,
348 2502 452 2570 inquo
473 2501 630 2570 negotiatio
649 2503 799 2563 exercetur,
820 2518 874 2555 non
888 2500 918 2553 in
931 2500 1056 2554 evidenti
1075 2541 1143 2555 ....
1174 2499 1365 2570 Proscriptum
1386 2540 1411 2551 ..

229 2587 259 2640 iu
278 2591 444 2657 perpetuum
464 2605 523 2642 esse
541 2590 670 2658 oportet:
702 2589 823 2642 ceterum
843 2587 866 2640 si
884 2603 934 2656 per
952 2585 981 2640 id
1000 2587 1142 2656 temporis,
1163 2605 1219 2655 quo
1237 2587 1413 2656 propositum

234 2692 289 2730 uon
317 2679 391 2737 erut,
422 2659 465 2730 vel
493 2675 644 2730 obscurata
663 2674 866 2744 proscriptione
885 2676 1061 2730 contractum
1081 2677 1131 2738 sit,
1159 2677 1301 2731 institoris
1320 2677 1412 2730 locum

230 2762 354 2817 habebit.
397 2763 458 2817 Hoc
484 2766 540 2818 solo
569 2765 667 2832 opinor
691 2764 756 2816 baec
778 2769 873 2816 nostru
893 2763 1057 2831 proscriptio
1083 2781 1101 2816 u
1124 2765 1281 2832 palponibus
1305 2765 1412 2830 recedit,

231 2849 303 2916 quod
329 2851 378 2903 bae
401 2857 550 2905 anainento
577 2853 691 2904 minione
708 2850 774 2918 fieri
799 2851 919 2905 solebant
944 2852 1027 2915 (uude
1044 2853 1125 2906 etium
1150 2851 1284 2922 Ulpianus
1303 2854 1319 2906 l.
1341 2870 1361 2907 c.
1382 2853 1413 2906 de

231 2937 375 2990 abolitione
391 2939 575 3005 perplurium
594 2938 734 3005 loquitur),
755 2939 784 2990 in
802 2937 928 2992 Caesaris
946 2939 1049 2994 borreis
1066 2945 1175 3007 propter
1194 2957 1303 2993 causum
1316 2957 1411 3008 perpe·
1477 2989 1480 2996 .

228 3031 303 3078 tuum
320 3041 366 3078 cae
384 3026 412 3076 in
430 3039 561 3077 marmore
579 3025 774 3078 incidebantur.
796 3055 830 3062 -
848 3024 1036 3093 Supplementa
1054 3044 1093 3080 ou.
1104 3031 1147 3080 1.8
1161 3029 1221 3093 fere
1243 3027 1322 3080 Gatti
1338 3035 1410 3094 sunt,

229 3117 283 3166 ui
302 3111 466 3177 Alibrandii,
485 3112 589 3178 reliqua
607 3127 672 3166 mea.
693 3142 726 3149 -
746 3113 896 3166 Admonuit
917 3114 1027 3168 Guttius
1046 3115 1151 3183 (Mum
1165 3115 1192 3167 d.
1203 3120 1268 3168 rim.
1283 3115 1411 3168 instituis

229 3201 298 3252 1886
317 3217 346 3266 p.
366 3201 410 3259 76)
436 3198 511 3251 tituli
532 3199 642 3250 alterins
667 3199 768 3251 urbani
785 3202 885 3252 seruati
901 3201 931 3252 in
950 3201 1037 3254 codice
1056 3189 1223 3254 Burberinae
1241 3201 1412 3256 bibliothecae

232 3285 332 3351 XXX,
351 3289 387 3339 92
399 3287 424 3354 f.
436 3289 488 3340 162
506 3291 531 3338 et
550 3285 614 3338 inde
632 3286 697 3338 edili
716 3302 734 3338 a
752 3285 872 3339 Prellero
892 3287 1042 3356 (Repioneu
1054 3288 1137 3342 Roms
1151 3305 1179 3354 p.
1190 3289 1262 3356 104),
1282 3304 1334 3356 qno
1353 3289 1413 3342 licet

230 3374 300 3426 mule
317 3379 442 3440 corrupto
461 3373 615 3425 continetur
637 3374 680 3425 len
690 3378 799 3426 nostrae
813 3373 909 3428 similis
920 3375 958 3428 ud
968 3375 1038 3428 banc
1045 3375 1231 3442 fereformum
1238 3377 1412 3442 proscripta:

230 3462 261 3512 In
281 3459 324 3512 his
342 3459 446 3513 horreis
465 3459 585 3528 privetis
605 3461 643 3527 (⁹)
662 3457 692 3522 Q.
707 3459 812 3530 [Titnei
831 3459 1011 3530 [discerdotis
1030 3463 1065 3516 cl.
1079 3481 1114 3515 m.
1129 3461 1176 3533 [u]
1196 3461 1234 3533 (ὅ)
1257 3461 1412 3530 luduntur)

229 3547 267 3616 (⁴)
287 3545 415 3615 tilloneo,
435 3547 597 3614 apothecae,
622 3547 840 3615 compendiaria,
861 3549 993 3610 armaria,
1013 3551 1050 3617 (ὅ)
1070 3547 1287 3603 intercolumnia
1306 3550 1335 3602 et
1350 3548 1411 3604 locu
1435 3585 1437 3590 ,

230 3634 348 3688 armaris
369 3650 404 3688 ex
425 3637 464 3702 (ὃ)
485 3633 538 3689 hac
557 3633 601 3689 die
620 3637 649 3689 et
665 3652 699 3690 ex
715 3635 743 3690 k.
758 3635 853 3704 luli[s].
892 3634 1068 3704 Sipniytcatur
1085 3638 1114 3690 in
1134 3636 1229 3702 codice,
1249 3653 1338 3689 errore
1355 3639 1411 3704 opi-

169 3705 172 3716 ’
229 3737 287 3788 nor,
305 3721 396 3774 bratus
414 3727 429 3774 1
445 3721 491 3788 pin.
510 3729 572 3790 post
595 3722 730 3792 privatis,
748 3727 841 3778 bande
858 3730 883 3778 et
897 3730 960 3792 post
979 3728 1044 3787 loc;
1063 3730 1200 3793 praeterea
1216 3739 1267 3791 pro
1285 3723 1313 3792 qi
1331 3723 1412 3778 ineis
1465 3726 1467 3732 '

229 3809 379 3864 sucerdotis
403 3813 511 3878 reposui
532 3818 654 3865 prouentu
680 3810 818 3866 Huelseuo
843 3827 938 3866 nomeu
961 3811 1078 3865 consulis
1096 3828 1121 3864 u.
1142 3813 1191 3864 158
1197 3829 1206 3876 ,·
1234 3810 1345 3878 drumm
1360 3827 1412 3879 pro

230 3913 309 3952 orreu
330 3898 414 3964 posui
431 3897 541 3951 horres.
580 3898 734 3952 Educemnr
757 3899 807 3952 boc
822 3904 1023 3968 proprummate
1038 3900 1068 3951 in
1086 3897 1215 3951 eiusmodi
1234 3897 1412 3952 locutionibus

229 3985 338 4038 solitum
356 3985 441 4048 tuisse
454 3985 593 4052 proscribi
611 3986 697 4039 locari
714 3985 772 4039 locu
791 3991 840 4039 aut
858 4003 875 4037 u
889 3986 1028 4054 praesenti
1045 3985 1087 4038 die
1103 3991 1152 4038 out
1170 3986 1204 4039 ab
1222 4001 1261 4044 ca,
1281 4001 1348 4052 quoe
1360 3987 1412 4038 sol·

230 4072 323 4124 lemnis
349 4078 387 4125 est
403 4072 482 4126 rebus
502 4073 623 4126 locandis
652 4071 773 4140 (Sueten.
796 4073 851 4128 Tib.
871 4078 919 4140 353
948 4073 975 4127 0.
996 4073 1020 4126 1.
1040 4072 1074 4126 L.
1093 4072 1144 4136 IV,
1163 4075 1214 4126 138
1238 4089 1357 4141 quaeque
1374 4074 1414 4126 ibi

231 4159 370 4211 adnotavit
391 4158 615 4228 Zanpemeister),
633 4159 733 4214 sedicet
751 4177 768 4213 u
787 4161 840 4214 lcal.
859 4161 949 4214 Iuliis

318 4279 373 4368 [In
395 4281 530 4366 idoneis
554 4281 603 4364 (2)
629 4281 717 4365 [imp.
742 4331 950 4346 .........
958 4284 967 4318 ¹
995 4281 1153 4364 illusseris
1171 4283 1341 4368 Augiusti)
1358 4283 1406 4346 lo-

231 4395 272 4402 —..

300 4454 325 4520 1)
344 4454 480 4509 Hadriani
498 4455 586 4522 suppl.
607 4453 692 4520 Galli,
716 4469 771 4507 non
787 4461 868 4520 recle,
894 4472 953 4509 cum
971 4456 1029 4509 eius
1047 4461 1133 4510 aetate
1151 4455 1254 4514 Caesar
1272 4457 1329 4509 iam
1348 4471 1403 4508 nou
