3358 5244
661 375 769 432 Causae
788 379 917 433 forenses.
1318 381 1382 446 359

297 555 378 639 Agri
402 556 521 638 poplici
550 556 634 639 quod
658 554 840 638 Langenses
862 555 1009 638 posidenl
1032 555 1118 620 hisce
1140 556 1214 619 finis
1237 557 1384 622 videntur

207 681 285 725 esse.
324 658 390 724 Ubi
413 659 588 724 comfluonl
613 660 638 744 (¹
651 658 681 743 ⁴)
706 659 795 723 Edus
811 665 843 724 et
859 659 1046 737 Procobera,
1062 661 1126 724 ibei
1142 663 1295 724 terminus
1311 667 1341 725 sl
1361 666 1384 725 t.

210 764 291 828 Inde
314 765 381 829 Ede
404 765 500 828 flovio
525 786 726 828 sursuorsum
750 765 783 828 in
808 769 949 828 montem
964 763 1135 828 Lemurino
1157 765 1297 838 infumo;
1321 765 1385 830 ibei

210 870 366 933 terminus
391 868 460 954 (¹⁵)
485 875 558 933 slat.
605 867 682 934 Inde
705 892 831 933 sursum
856 892 984 933 vorsum
1007 869 1083 953 iugo
1100 873 1184 934 recto
1200 875 1309 934 monle
1324 869 1382 934 Le·

168 981 170 984 ’
209 975 353 1048 murino;
378 974 441 1038 ibei
465 973 636 1038 terminus¹
660 978 735 1038 stat.
781 973 858 1038 lnde
881 973 947 1038 cel.2
972 974 1076 1060 (-33)

296 1079 394 1155 Quem
428 1101 542 1164 agrum
572 1079 733 1163 poplicum
767 1079 836 1163 (²4)
861 1080 1037 1146 iudicamus
1060 1102 1142 1154 esse,
1175 1103 1247 1144 eum
1270 1101 1384 1162 agrum

210 1184 389 1248 eastelanos
412 1183 593 1267 Langenses
617 1183 780 1248 Veiturios
805 1183 978 1270 p0[se']dere
1001 1186 1128 1270 inicique
1150 1186 1274 1250 videtur
1289 1207 1384 1269 opor·

208 1292 285 1353 tere.
332 1287 394 1353 Pro
417 1311 454 1353 eo
478 1311 556 1372 agro
572 1289 710 1374 vectigal
724 1289 906 1376 Langenses
930 1289 999 1374 (²⁵)
1019 1291 1159 1355 Veituris
1174 1291 1207 1354 in
1223 1289 1383 1374 poplicum

209 1390 354 1458 Genuam
386 1394 461 1458 deni,
492 1394 525 1458 in
550 1416 626 1458 anos
650 1394 794 1478 singulos
817 1395 1050 1476 vie(toriatos)³
1075 1396 1247 1477 n(ummos)
1271 1393 1383 1460 0000.

208 1495 259 1562 Sei
281 1496 463 1580 Langenses
494 1521 562 1562 eam
586 1499 758 1581 pequniam
781 1522 844 1563 non
869 1500 991 1564 dabunt
1013 1522 1116 1584 neque
1139 1502 1217 1564 satis
1241 1499 1310 1585 (33)
1334 1500 1384 1564 fa·

208 1601 294 1666 cient
317 1603 498 1668 arbitraiuu
515 1603 718 1681 Genuatium,
738 1606 823 1688 quod
841 1627 896 1688 per
912 1604 1094 1670 (lentienses
1108 1604 1302 1688 mo[r]anon
1317 1606 1383 1683 fiat,

209 1729 272 1789 quo
297 1709 395 1771 setius
418 1730 487 1771 eam
511 1709 681 1792 pequniam
705 1710 859 1792 acipianl:
890 1715 960 1774 tum
984 1714 1067 1795 quod
1091 1713 1124 1776 in
1148 1735 1184 1776 eo
1207 1733 1285 1797 agro
1315 1711 1383 1796 (33)

210 1816 322 1875 nalum
354 1813 416 1877 erit
442 1813 594 1878 frumenti
617 1821 742 1898 partem
768 1817 994 1894 vicensumam‚
1022 1817 1087 1880 vini
1113 1821 1236 1900 partem
1262 1822 1385 1880 sextam

212 1915 394 2001 Langenses
425 1919 457 1980 in
486 1920 646 2002 poplicum
680 1920 824 1985 Genuam
857 1923 930 1986 dare
959 1923 1095 1987 debenlo
1124 1921 1192 2007 (²⁸)
1223 1923 1255 1984 in
1286 1943 1385 1986 annos

208 2022 360 2105 singolos.

299 2125 378 2200 Quei
409 2129 495 2192 intra
518 2152 571 2194 eos
594 2131 686 2195 fineis
710 2153 822 2216 agrum
847 2134 976 2215 posedet
1000 2133 1125 2198 Genuas
1149 2137 1205 2195 aut
1227 2129 1384 2208 Viennae,

210 2232 282 2314 quei
310 2254 418 2296 corum
442 2235 583 2316 posedeit
606 2235 637 2299 k.
663 2235 864 2317 Sextil(ibus)
888 2237 923 2302 L.
948 2237 1079 2302 Caicilio
1103 2235 1172 2321 (33)
1196 2235 1232 2311 Q.
1256 2235 1385 2300 Muucio

208 2359 289 2413 cos,
323 2360 376 2402 eos
406 2339 453 2402 ita
484 2340 628 2422 posidere
651 2341 816 2425 coloreque
840 2342 943 2407 liceat.
989 2343 1064 2407 Eis*
1087 2341 1160 2425 quei
1183 2338 1384 2423 posidebunt,

209 2443 348 2526 vectigal
373 2442 593 2527 Langensibus
618 2447 839 2529 proportione
863 2449 939 2512 dcnls
962 2449 1017 2526 ita,
1043 2452 1078 2510 ul
1093 2446 1189 2510 ceteri
1215 2443 1283 2530 (⁸⁰)
1300 2444 1384 2508 Lan-

207 2569 335 2631 genses,
370 2551 423 2632 qui
453 2571 562 2614 eorum
594 2552 627 2615 in
651 2574 687 2616 eo
711 2575 789 2638 agro
813 2576 925 2638 agrum
951 2553 1143 2636 posidebunt
1166 2551 1384 2633 fruenlurque.

207 2652 338 2718 Praeter
371 2677 407 2718 ea
439 2655 472 2718 in
503 2677 539 2719 eo
572 2678 650 2740 agro
680 2657 713 2720 ni
738 2657 810 2742 quis
833 2657 978 2740 posidelo
1008 2656 1067 2720 nisi
1093 2656 1130 2719 de
1153 2655 1273 2718 maiore
1295 2657 1386 2737 parte

211 2759 282 2842 (33)
315 2759 527 2845 Langensium
553 2762 772 2828 Veiluriorum
805 2761 978 2836 sententia,
1011 2762 1085 2824 dum
1116 2784 1155 2825 ne
1178 2761 1276 2824 alium
1299 2760 1385 2822 intro

209 2865 303 2928 mitat
326 2867 387 2930 nisi
412 2865 587 2932 Genuatem
611 2874 667 2933 ani
683 2868 865 2935 Veiturium
889 2867 1012 2932 colendi
1036 2889 1139 2932 cansa.
1180 2865 1260 2941 Quei
1276 2885 1385 2927 eorum

100 2961 104 2968 ¹
210 2967 278 3053 (33)
311 2971 349 3032 de
372 2971 491 3035 maiore
514 2979 604 3055 parte
627 2974 840 3059 Langensium
864 2972 1048 3038 Veilurium
1072 2969 1230 3036 sententia
1252 2969 1298 3032 ila
1321 2989 1383 3032 non

211 3076 347 3158 parebit,
371 3076 397 3156 is
421 3098 492 3140 eum
516 3099 626 3160 agrum
652 3079 703 3142 nei
727 3079 844 3142 habeto
867 3080 939 3142 nive
963 3078 1124 3141 fruimino.

299 3180 378 3258 Quoi
403 3179 471 3263 (33)
497 3202 573 3264 ager
596 3203 799 3266 compascuos
816 3184 887 3254 erit,
909 3183 941 3246 in
959 3203 995 3246 eo
1010 3203 1089 3267 agro
1106 3180 1275 3262 quominus
1291 3197 1385 3260 pecus

211 3285 372 3368 [p]ascere
395 3283 556 3350 Genuates
578 3286 806 3372 Veituriosque
829 3288 924 3351 liceat
947 3287 1002 3363 iia,
1035 3285 1101 3348 utei
1123 3285 1157 3347 in
1180 3289 1283 3346 cetero
1308 3302 1385 3366 agro

212 3389 280 3473 (³⁴)
305 3389 442 3454 Genuam
466 3413 670 3472 compascuo,
703 3393 735 3454 ni
760 3393 830 3475 quis
854 3391 1035 3475 prohibete,
1059 3390 1132 3453 nive
1154 3389 1225 3472 quis
1247 3387 1312 3450 vim
1335 3385 1386 3450 fa·

211 3496 285 3572 cilo,
310 3497 401 3559 neive
424 3495 592 3578 prohibeto
615 3518 678 3580 qno
701 3497 806 3560 minus
830 3519 867 3560 ex
891 3518 929 3560 eo
952 3516 1029 3576 agro
1053 3493 1141 3578 ligna
1158 3492 1386 3575 materiamque

211 3599 280 3685 (³⁵)
304 3604 432 3664 sumant
454 3604 658 3684 intentusque.

298 3704 448 3790 Vectigal
472 3706 546 3768 anni
570 3707 666 3788 primi
689 3705 719 3768 k.
736 3705 883 3769 Ianuaris
900 3705 1044 3768 secundis
1059 3705 1190 3770 Velunis
1206 3703 1387 3788 Langenses

210 3813 242 3875 in
268 3810 429 3894 poplicum
454 3809 596 3874 Genuam
621 3810 695 3874 dare
720 3808 789 3893 (33)
813 3810 959 3874 debenlo.
1005 3811 1095 3886 Quod
1119 3815 1193 3874 aule
1211 3809 1242 3872 k.
1259 3807 1386 3872 Ianuar.

210 3919 331 4001 primas
354 3914 535 3998 Langenses
559 3915 654 3978 fructi
680 3919 756 3977 suni
772 3919 940 3998 eruntque,
965 3915 1103 3998 vectigal
1118 3914 1229 3978 invilei
1246 3913 1321 3976 dare
1336 3911 1387 3974 nei

210 4024 353 4088 debento.
377 4038 424 4084 Ν

300 4191 468 4260 1)termins.
488 4221 520 4228 -
539 4189 565 4254 2)
586 4191 699 4244 Finium
717 4191 923 4259 descriptionem
942 4194 1072 4261 reliquam
1091 4192 1175 4244 omisi.
1195 4219 1225 4228 -
1254 4188 1282 4256 3)
1306 4187 1388 4240 Num·

212 4295 270 4332 mus
296 4281 344 4332 illo
369 4285 456 4332 aetolo
472 4279 501 4331 in
521 4277 614 4331 Gallia
636 4277 776 4345 Cisalpina
796 4279 930 4347 culparem
953 4280 1091 4333 victoriali
1110 4284 1238 4346 quattuor
1255 4275 1324 4328 idem
1342 4291 1387 4326 nos

214 4366 267 4418 lent
285 4367 357 4433 quod
373 4365 480 4420 danorii
497 4373 565 4433 tres)
584 4366 619 4434 cf.
639 4365 706 4432 Mu,
725 4365 895 4419 Munawcscn
911 4383 941 4434 p.
950 4369 1003 4419 389
1021 4372 1044 4419 el
1062 4373 1152 4418 notum
1170 4364 1207 4417 acl
1217 4363 1291 4416 Fen.
1311 4379 1332 4414 o.
1345 4377 1388 4414 se·

215 4453 304 4505 sterti.
325 4482 357 4491 -
377 4453 404 4520 4)
424 4470 479 4507 eus.
1380 4471 1383 4476 ¹
