3400 5250
666 423 767 478 Edicta
786 426 956 493 praetorum.
1336 431 1400 496 209
1501 505 1503 512 y

220 605 276 681 rei,
300 603 338 666 de
362 625 426 686 qna
448 600 670 667 iusiurandum
694 599 835 665 delatum
858 599 983 679 fuerit¹‚
1007 623 1112 686 neque·
1131 601 1164 665 in
1179 603 1284 687 ipsum
1300 627 1402 689 neque

218 710 252 774 in
279 729 351 773 eum
377 706 417 770 ad
442 726 536 789 quem
560 727 597 768 ea
619 727 669 769 res
692 704 832 788 pertinet
855 705 1011 769 actionem
1034 704 1132 770 dabo'
1149 757 1258 774 .....

308 813 338 878 3.
376 811 508 893 Quando
530 829 609 872 cucu-
621 810 870 891 praescriptione
892 831 982 892 acere
1005 811 1167 891 opouead.

307 919 337 981 4.
376 917 424 980 De
446 913 616 980 coxalibus
636 913 835 978 actionibus*
852 961 988 978 ......
1023 913 1057 979 si
1079 917 1115 995 is,
1139 918 1173 981 in
1199 919 1287 982 cuius
1310 923 1400 1002 potc-

221 1029 303 1088 state
327 1045 394 1088 esse
418 1023 555 1100 dicatur,
587 1019 719 1104 negabit
743 1041 776 1084 se
798 1019 831 1082 in
856 1041 913 1084 sua
935 1024 1093 1104 potestate
1115 1043 1241 1086 servum
1264 1021 1400 1088 habere:

221 1132 330 1192 utram
363 1131 452 1191 actor
481 1123 584 1216 nolet,
616 1123 667 1189 vel
696 1123 837 1188 deierare
866 1124 983 1188 iubebo
1012 1125 1045 1188 in
1067 1148 1134 1190 *sua
1155 1131 1313 1210 potestate
1335 1151 1401 1192 non-

219 1255 284 1298 esse
310 1255 412 1316 neque
434 1253 467 1295 se
490 1230 563 1295 dolo
586 1230 672 1294 malo
695 1228 821 1306 fecisse,
847 1249 910 1312 qno
932 1229 1038 1293 minus
1060 1235 1152 1310 esset,
1175 1233 1225 1296 vel
1247 1231 1398 1298 iudicium

217 1339 298 1402 dabo
321 1339 389 1402 sine
412 1357 514 1400 noxae
536 1333 721 1399 deditione⁶.
767 1379 770 1386 ,

306 1445 335 1505 5.
371 1441 419 1506 De
448 1437 696 1504 vacationibus⁶.
743 1437 776 1503 Si
799 1438 893 1502 iudex
916 1437 1005 1502 litem
1027 1461 1117 1503 suam
1139 1439 1278 1508 fecerit⁷.

283 1544 391 1610 ΙΧΠ.
426 1544 485 1610 De
506 1545 570 1608 tis
593 1567 695 1626 quoe
717 1545 912 1625 cuiusque
940 1545 984 1606 a‘u
1008 1545 1128 1609 bouis
1150 1553 1246 1611 suut.
1294 1550 1321 1612 1.
1351 1549 1398 1614 De
1417 1550 1480 1631 ἓξὲξ

219 1650 406 1716 Publiciana
428 1651 461 1714 in
485 1673 552 1714 rem
576 1649 708 1714 actione.
755 1647 789 1714 Si
812 1649 883 1732 quis
906 1648 950 1727 id,
980 1649 1065 1732 quod
1092 1652 1231 1715 traditur
1253 1675 1291 1716 ex
1313 1655 1398 1718 iuste

215 1777 310 1820 causa
340 1777 404 1819 non
435 1777 454 1818 a
485 1753 612 1817 dominc
647 1757 679 1817 et
710 1752 853 1816 nondum
888 1757 1078 1836 usucaptom
1109 1757 1211 1838 petet,
1246 1757 1397 1822 iudicium

215 1859 323 1924 dabo⁸.
1407 1869 1408 1872 ’

303 1969 332 2030 2.
367 1965 488 2030 Dahis
521 1965 576 2048 qni
600 1964 770 2028 deiecerint
793 1965 843 2028 vel
867 1963 1045 2030 effuderint.
1092 1986 1119 2026 a.
1150 1963 1244 2030 Unde
1266 1966 1299 2028 in
1323 1987 1394 2030 enm
1408 1969 1479 2054 ¹³53}ss

214 2071 335 2150 locum,
370 2092 433 2154 quo
464 2067 560 2154 volgo
589 2069 650 2132 iter
681 2069 737 2132 fiet
766 2068 817 2132 vel
844 2069 879 2132 in
907 2091 970 2153 quo
1002 2069 1208 2148 consistetun
1242 2070 1396 2134 deiectum

214 2177 264 2240 val
287 2176 422 2239 effusum
446 2173 522 2258 quid
546 2173 616 2251 erit,
651 2177 807 2256 quantum
830 2195 869 2237 ex
895 2195 933 2237 ea
958 2195 992 2237 re
1019 2173 1171 2238 damnum
1197 2175 1307 2238 datum
1329 2175 1397 2239 fao·
1481 2237 1483 2241 ,

213 2288 322 2345 tumve
344 2279 420 2356 erit,
455 2278 488 2342 in
520 2299 608 2358 eum,
640 2277 696 2361 qui
718 2277 765 2340 ibi
788 2277 994 2356 habitaverit,
1025 2278 1059 2341 in
1082 2274 1214 2362 duplum
1245 2279 1397 2344 iudicium
1486 2289 1488 2296 ’

215 2386 307 2450 dabo.
354 2383 388 2450 si
411 2406 448 2448 eo
478 2383 544 2447 ictu
572 2381 668 2447 homo
692 2383 774 2446 liber
797 2383 916 2466 perisse
939 2383 1075 2462 dicetur,
1107 2385 1280 2448 sestertium
1303 2384 1396 2468 quin·

214 2491 372 2575 quaginta
402 2490 527 2553 uilium
549 2487 766 2552 uummoruuu⁹
791 2487 945 2551 iudicium
968 2487 1059 2551 dabo.
1085 2488 1112 2552 si
1130 2488 1215 2552 vivet
1236 2489 1395 2554 nocitum·
1427 2509 1428 2512 ’
1485 2505 1486 2514 ’

214 2620 275 2680 que
299 2597 327 2660 ei
351 2617 419 2660 esso
442 2596 573 2673 dicetur,
602 2597 760 2678 quantum
783 2593 824 2658 ob
848 2616 917 2657 eam
940 2615 1007 2658 rem
1029 2615 1165 2677 aequum
1188 2594 1284 2658 iudici
1307 2594 1394 2658 vide·

213 2700 301 2765 bitur
332 2723 403 2764 eum
433 2721 504 2764 cum
534 2721 597 2783 quo
626 2703 740 2783 agetur
771 2699 989 2778 condemnari,
1019 2699 1103 2762 tanti
1126 2698 1278 2762 iudicium
1301 2699 1393 2762 dabo.
1437 2744 1439 2750 -

213 2805 239 2867 ai
274 2825 383 2869 servus
413 2805 566 2869 insciente
590 2803 719 2867 domino
741 2803 854 2867 fecisse
877 2804 1015 2882 dicetur,
1048 2805 1082 2867 in
1105 2803 1222 2868 iudicio
1245 2803 1392 2869 adiciam:

213 2914 269 2972 aut
292 2909 427 2974 noxae¹⁰
451 2908 606 2974 dedere¹¹.

299 3015 329 3078 b.
363 3011 413 3078 Ne
437 3015 508 3098 quis
530 3014 564 3077 in
588 3013 776 3097 suggrunda
800 3005 986 3095 protectove
1009 3035 1106 3097 supra
1122 3036 1195 3078 eum
1211 3015 1314 3078 locum
1331 3035 1393 3098 quo
1467 3071 1469 3076 .

212 3117 308 3203 volgo
339 3119 401 3184 iter
435 3121 491 3184 fiet
521 3121 594 3182 inve
618 3141 681 3201 quo
705 3117 897 3182 consistetur
920 3118 953 3180 id
975 3119 1116 3201 positum
1139 3117 1273 3197 habeat,
1305 3118 1393 3183 cuius

212 3263 419 3270 -—..---.-.---

283 3346 310 3413 1)
329 3345 364 3401 de
382 3363 438 3416 qua
458 3384 524 3400 ....
545 3343 643 3412 fuerit]
662 3343 737 3396 laud
753 3344 812 3396 siue
829 3344 935 3396 ratione
949 3347 1074 3411 praetori
1091 3345 1156 3398 baec
1173 3345 1311 3400 adiudicat
1323 3345 1393 3399 Gra·

212 3435 332 3500 denuda,
350 3431 436 3486 ΖΒΘ.
454 3435 497 3498 21,
512 3448 541 3498 p.
561 3434 620 3484 275.
649 3460 676 3469 -
704 3431 730 3495 2)
749 3429 787 3482 D.
806 3433 895 3498 12,2,3
910 3448 963 3498 pu,
983 3435 1058 3500 Jpr.
1096 3431 1263 3500 Sequebatur
1280 3433 1394 3488 edictum

212 3521 382 3583 deuotione,
407 3536 475 3588 quae
493 3535 526 3572 ea
543 3534 626 3572 cauca
643 3517 826 3572 iuuaturuuda'
842 3517 1065 3574 accommodatur.
1102 3518 1139 3573 D.
1158 3522 1276 3586 12‚2,9,1.
1303 3550 1339 3561 -
1365 3521 1392 3589 3)

213 3607 254 3676 cf.
274 3607 311 3664 n
331 3608 363 3662 P.
382 3612 397 3672 a
415 3609 496 3661 cuca.
522 3637 553 3646 -
582 3606 610 3675 4)
630 3606 715 3660 nun.
735 3605 772 3658 1).
792 3608 842 3668 aa.
871 3635 904 3644 -
924 3608 951 3674 5)
971 3606 1007 3659 1).
1027 3593 1392 3678 9‚4‚21,a-c)1).5o‚5‚

211 3699 261 3763 13,-
285 3699 370 3763 5,1,18
393 3711 450 3763 pu,
478 3694 530 3748 Cic.
549 3694 630 3748 Bran.
649 3711 670 3748 c.
689 3697 723 3747 31
746 3697 834 3759 §Hb
863 3723 898 3731 ——
927 3694 954 3762 7)
980 3695 1017 3747 D.
1037 3697 1166 3762 50‚16,36.
1202 3695 1238 3750 Ε.
1258 3696 1289 3748 Ρ.
1316 3699 1392 3762 ἕ64.

211 3811 246 3822 -
274 3779 302 3852 8)
332 3782 370 3834 D.
390 3785 458 3849 6,2,1
487 3799 530 3849 pr.
566 3781 620 3835 Sed
642 3783 707 3836 haec
730 3797 785 3834 acu
813 3797 867 3836 ease
883 3783 1002 3850 qeuuiuu
1026 3783 1161 3851 praetorto
1182 3783 1262 3837 outo
1280 3784 1393 3839 ostendit

211 3869 308 3936 Leuci,
342 3871 427 3923 Boin.
447 3886 469 3922 z.
489 3869 525 3922 K.
546 3870 570 3922 d.
587 3875 660 3938 prot.
679 3869 733 3924 Ed.
758 3873 835 3924 1878.
872 3868 917 3922 De
934 3871 1018 3923 cauis
1035 3869 1073 3924 ad
1090 3871 1114 3923 b.
1134 3870 1151 3922 t.
1171 3872 1329 3925 coniecturae
1356 3873 1391 3938 cf.

211 3957 332 4024 Dmuu,
360 3955 447 4010 ΖΒΘ.
466 3961 515 4023 24,
536 3974 565 4024 p.
583 3960 639 4011 225
656 3973 712 4026 sqq.
748 3957 882 4026 Equidem
905 3958 961 4010 tam
984 3957 1139 4012 crediderim
1159 3963 1310 4024 praetorem
1328 3958 1392 4012 baec

212 4043 346 4096 babuisse:
377 4043 408 4096 ‘si
431 4041 493 4111 quis
518 4042 547 4096 id
572 4041 646 4112 quod
671 4041 851 4112 mancipatur
870 4041 1009 4097 traditum
1028 4061 1061 4098 ex
1079 4045 1156 4098 iusta
1175 4060 1258 4098 cansa
1277 4047 1305 4098 et
1322 4061 1391 4098 non-

211 4129 278 4182 dum
303 4135 328 4182 ct
346 4129 401 4185 rel!
439 4129 598 4182 Formulam
621 4131 735 4184 actionis
761 4147 785 4185 u.
803 4130 867 4186 Gau
890 4133 959 4198 4,36.
995 4132 1042 4184 Ad
1065 4132 1211 4197 formulam
1234 4148 1266 4186 eu
1289 4146 1392 4199 quoquc

209 4219 342 4285 pertinere
369 4219 503 4286 amnicae,
531 4233 599 4284 quuc
622 4223 653 4270 ut
674 4219 809 4286 praetorio
837 4219 917 4272 cndu
941 4218 1097 4286 referuntur
1123 4219 1160 4272 D.
1181 4222 1308 4286 6,2,7‚11:
1335 4217 1391 4288 <qni

210 4304 303 4372 (quem
324 4303 412 4358 Aulus
432 4303 549 4374 Agerius
567 4302 652 4371 κτλ)
675 4305 749 4358 bona
766 4304 820 4358 fide
840 4304 925 4360 amit'.
944 4334 979 4344 -—
997 4306 1024 4374 9)
1044 4305 1109 4374 Dc'y.
1130 4305 1390 4373 (u.11).·qninqua·

211 4391 293 4458 ginta
313 4407 468 4446 aureorum.
488 4421 522 4430 —
545 4392 587 4460 10)
607 4391 644 4446 D.
663 4397 782 4458 (u.11):
802 4408 912 4447 noxam.
931 4423 965 4432 —
986 4391 1031 4462 11)
1051 4391 1089 4445 D.
1107 4395 1175 4454 9‚3‚1
1190 4409 1232 4459 pr.

264 4485 359 4534 Banna.
379 4486 467 4532 Fontes
486 4487 553 4532 iuris.
589 4487 633 4532 no.
654 4487 698 4532 VI.
1147 4481 1180 4532 14
