3400 5254
774 365 880 422 Festus.
1293 347 1296 354 Ι
1375 367 1417 436 27

241 541 371 608 Praes
394 548 443 609 est
465 543 520 624 is¹,
544 545 599 627 qui
615 542 733 627 populo
756 564 790 607 se
806 543 931 628 obligat
953 543 1250 631 interrogaturque²
1274 567 1293 609 a
1314 546 1417 630 magi-

240 652 354 726 stratu,
371 648 398 713 si
410 670 503 732 praes
515 650 574 724 sit;
591 648 646 712 ille
660 649 859 732 respondeo:
876 672 976 734 praes.
995 649 1030 716 P.
1043 656 1122 716 223.
1140 649 1417 735 (OflManceps.)

239 751 480 817 Praeteriti
504 757 667 818 senatores
691 753 851 836 quondam
875 754 907 818 in
923 755 1095 839 opprobrio
1118 777 1182 820 non
1199 761 1299 834 erant,
1323 756 1417 840 quod,

242 862 280 922 ut
304 879 395 942 reges
419 859 481 922 sibi
502 857 656 944 legebant
679 856 962 943 sublegebantque,
986 882 1065 944 quos
1088 861 1121 924 iu
1145 861 1277 925 consilio
1292 859 1419 945 publico

246 962 411 1042 baberent,
435 964 483 1028 ita
505 967 578 1047 post
601 967 728 1028 exactos
751 985 804 1027 eos
825 964 970 1029 consules
993 987 1119 1049 quoque
1141 969 1174 1029 et
1196 963 1334 1029 tribuni‘
1359 967 1418 1028 mi-

240 1067 337 1131 litum
370 1067 531 1133 consulari
562 1070 720 1151 potestate
753 1066 1028 1133 coniunctissimos
1051 1069 1112 1134 sibi
1136 1067 1294 1153 quosque⁶
1316 1069 1418 1152 patri·

242 1173 365 1236 ciorum
389 1177 422 1236 et
445 1174 557 1238 deinde
579 1173 774 1256 plebeiorum
798 1170 960 1256 legebant,
988 1175 1086 1238 donec
1109 1171 1225 1237 Ovinia
1247 1172 1420 1264 tribunicia

241 1265 424 1352 intervenit,
450 1299 513 1361 qua
528 1280 673 1340 sanctum
689 1279 747 1352 est,
764 1279 800 1338 ut
815 1297 962 1340 censores
978 1299 1016 1341 ex
1032 1278 1119 1341 omni
1135 1277 1247 1341 ordine
1262 1277 1419 1361 optimum

241 1403 400 1465 quemque
416 1381 580 1446 curiatim⁰
603 1381 635 1444 in
653 1378 815 1446 senatum⁷
831 1379 988 1464 legerent3
1013 1404 1076 1466 quo
1092 1381 1212 1446 factum
1230 1385 1288 1459 est,
1312 1383 1419 1468 utqui

242 1487 408 1570 praeteriti
432 1491 536 1552 essent
559 1491 591 1551 et
608 1487 677 1551 loco
700 1487 789 1564 moti,
813 1483 1009 1549 haberentur
1023 1485 1238 1570 ignominiosi.
1285 1487 1324 1551 F.
1341 1493 1417 1553 246.

240 1589 441 1656 Praetor
472 1593 511 1656 ad
534 1596 660 1676 portam
688 1613 773 1655 nunc
796 1591 956 1654 salutatur
978 1590 1041 1669 is⁸,
1072 1591 1182 1674 quiin
1206 1593 1420 1676 provinciam⁹

242 1719 300 1782 pro
324 1702 472 1783 praetore
502 1703 558 1762 aut
580 1720 638 1781 pro
661 1698 789 1762 consule
812 1697 896 1772 exit;
927 1697 1016 1759 cuius
1039 1697 1084 1760 rei
1109 1718 1228 1760 morem
1252 1697 1298 1760 ait
1321 1696 1420 1762 fnisse

242 1800 369 1866 Cincius
393 1803 424 1866 in
448 1802 532 1867 libro
556 1801 593 1865 de
609 1802 772 1868 consulum
798 1805 958 1885 potestate
973 1801 1088 1865 talem:
1112 1801 1295 1866 Albanos¹⁰
1314 1825 1419 1868 rerum

242 1908 363 1990 potitos
386 1927 487 1991 usque
510 1908 550 1970 ad
573 1906 703 1996 Tullum
725 1929 851 1992 regem;
883 1905 969 1970 Alba
992 1907 1104 1970 deinde
1127 1907 1233 1972 diruta
1256 1930 1356 1992 usque
1378 1909 1419 1972 ad

241 2009 278 2074 P.
303 2011 473 2076 Deciumll
509 2011 633 2075 Murem
666 2033 728 2076 cos.
762 2012 896 2096 populos
928 2010 1058 2076 Latinos
1089 2013 1128 2076 ad
1155 2018 1252 2097 caput
1277 2012 1419 2104 Ferenti·

240 2119 354 2196 neem,
388 2119 470 2202 quod
495 2122 544 2182 est
566 2117 625 2181 sub
649 2122 757 2181 monte
781 2118 917 2193 Albane,
941 2117 1105 2182 consulere
1128 2117 1239 2181 solitos
1264 2123 1295 2182 et
1318 2118 1420 2202 impe-

128 2279 136 2304 ,
241 2224 324 2288 rium
354 2223 514 2287 communi
547 2222 679 2286 consilio
702 2222 935 2286 administrare.
981 2220 1094 2306 Itaque
1117 2245 1179 2306 quo
1203 2227 1326 2287 anuo¹³
1354 2222 1419 2288 Bo-

242 2351 353 2393 manos
376 2329 625 2412 imperatores¹4
651 2326 691 2390 ad
715 2328 888 2391 exercitum
912 2327 1041 2391 mittere
1056 2331 1228 2411 oporteret,
1251 2328 1340 2392 iussu
1359 2352 1418 2394 uo·

241 2433 338 2498 minis
361 2431 467 2498 Latini
499 2431 666 2516 conplures
700 2436 826 2496 nostros
848 2434 881 2496 in
907 2431 1065 2516 Capitolio
1088 2453 1107 2496 a
1130 2433 1196 2497 sole
1218 2433 1340 2498 oriente
1363 2457 1420 2498 au-

241 2539 336 2624 spicis
360 2559 488 2624 operam
513 2538 587 2601 dare
610 2537 730 2602 solitos.
767 2535 831 2602 Ubi
847 2559 920 2602 aves
940 2537 1144 2616 addixissent,
1168 2537 1303 2602 militem
1318 2539 1419 2616 illum,

241 2643 296 2728 qui
320 2667 338 2708 a
361 2643 521 2708 communi
537 2643 629 2707 Latio
651 2644 766 2707 missus
782 2647 876 2721 esset,
898 2642 1001 2720 illum,
1024 2665 1117 2726 quem
1133 2663 1207 2706 aves
1223 2643 1419 2721 addixerant,

241 2752 419 2831 praetorem
442 2749 581 2812 salutare
604 2747 745 2826 solitum,
771 2748 826 2833 qui
849 2770 918 2812 eam
942 2748 1137 2831 provinciam
1153 2748 1313 2831 optineret
1328 2770 1420 2831 prae·
1455 2771 1458 2774 ·

241 2853 322 2916 toris
346 2853 481 2917 nomine.
528 2854 568 2917 F.
591 2859 667 2917 241.

242 2956 414 3021 Priscae
437 2957 570 3022 Latinae
592 2958 735 3023 coloniae
751 2957 931 3043 appellatae
946 2964 1032 3036 sunt,
1049 2963 1086 3021 ut
1101 2958 1416 3042 distinguerentur¹⁵

242 3084 261 3124 a
284 3061 429 3138 novis¹⁶,
453 3083 534 3145 quae
557 3065 667 3145 postea
690 3085 708 3125 a
732 3063 850 3146 populo
873 3063 1041 3126 dabantur.
1090 3063 1129 3126 F.
1153 3067 1228 3126 241.

242 3165 384 3230 Prisci
408 3165 515 3230 Latini
540 3168 667 3250 proprie
690 3168 884 3251 appellati¹⁷
912 3172 987 3231 sunt
1002 3167 1047 3245 hi,
1072 3166 1127 3250 qni
1143 3167 1329 3250 priusquam
1345 3189 1421 3230 con·

241 3271 369 3335 deretur
393 3269 496 3335 Roma
518 3270 659 3335 fuerunt.
706 3273 741 3335 P.
765 3277 844 3337 226.

243 3375 436 3462 [Privato
461 3374 607 3460 sumptu]
632 3398 665 3440 se
688 3375 820 3441 alebant
842 3375 976 3463 mili[tes
992 3377 1143 3453 Rotnani,
1168 3382 1339 3458 autequam
1359 3379 1419 3440 su·-

237 3480 375 3564 peudr'o]
398 3483 605 3559 mererentur,
630 3481 714 3564 quod
736 3482 770 3545 in
796 3480 1038 3568 [colossaeas-ue
1061 3483 1181 3545 mansit
1192 3503 1297 3562 poene
1312 3483 1356 3546 od
1370 3481 1420 3566 id]

175 3590 180 3599 '
242 3591 385 3669 tempus,
419 3585 501 3669 quod
526 3585 589 3648 fuit
618 3585 729 3671 pau[lo
753 3594 826 3652 oute
849 3609 943 3668 quam
967 3586 1070 3652 Roma
1094 3584 1188 3671 urbs]
1214 3591 1308 3670 capta
1331 3591 1379 3652 est
1401 3611 1421 3652 a

246 3689 363 3764 Gallim
390 3689 516 3776 [postea
540 3692 624 3754 euim
648 3693 716 3755 uisi
733 3691 865 3773 publico
882 3691 1052 3774 stipendio]
1079 3691 1194 3755 milites
1210 3713 1272 3754 non
1290 3691 1419 3757 fiebant.

315 3918 341 3986 1)
360 3917 404 3970 his
424 3915 456 3971 G.
485 3945 518 3956 —
546 3915 574 3984 2)
592 3915 631 3968 sic
650 3913 719 3979 libri,
738 3912 986 3986 interrogatusque
1003 3913 1060 3968 edd
1085 3944 1120 3952 -
1144 3915 1173 3982 3)
1191 3911 1335 3984 respondit
1353 3913 1421 3978 GM,

244 4003 397 4074 respondet
419 4003 447 4056 Τ.
468 4031 499 4042 -
519 4002 549 4067 4)
568 4001 697 4055 tribunos
716 4002 788 4055 cod:
806 4003 905 4056 erueud
917 4004 986 4073 Λα).
1006 4031 1039 4042 -
1059 4005 1087 4070 5)
1104 4018 1213 4072 quoque
1231 4003 1304 4068 cod,
1321 4003 1421 4058 emend.

248 4089 307 4144 Urs.
336 4120 368 4130 -
396 4091 424 4160 6)
442 4088 544 4153 curiati
563 4088 635 4154 cod.‚·
653 4089 751 4143 emend.
777 4089 834 4142 Urs.
859 4119 891 4130 -
912 4091 940 4156 7)
959 4092 1058 4145 senatu
1077 4089 1132 4145 eod.
1152 4119 1183 4127 -
1204 4089 1232 4158 8)
1251 4088 1294 4142 his
1312 4090 1368 4142 cod.
1388 4121 1421 4130 —

244 4179 273 4247 9)
291 4180 338 4245 sic,
358 4194 411 4230 nou
430 4174 583 4247 provincia,
604 4176 659 4230 cod.
685 4205 716 4216 -
748 4177 792 4246 10)
812 4177 932 4231 albanus
950 4179 1006 4232 cod.
1036 4207 1063 4220 -·
1088 4179 1131 4245 11)
1150 4179 1182 4230 at
1201 4178 1330 4246 poectum
1349 4178 1422 4246 cod,-

244 4266 344 4320 emeud.
370 4265 428 4319 Urs.
453 4293 485 4307 -
517 4261 561 4332 12)
579 4261 833 4331 capudoetentinae
852 4265 923 4330 cod,
947 4281 995 4319 em.
1019 4264 1076 4319 Urs.
1100 4283 1136 4306 -“
1156 4262 1199 4332 13)
1220 4263 1281 4331 [ser.
1301 4263 1421 4332 quando.

243 4353 292 4406 Ta.
309 4353 356 4421 Μ.)
376 4381 411 4392 -
431 4350 474 4420 14)
494 4352 582 4421 imprs
600 4351 656 4404 cod.
677 4379 707 4390 -
730 4350 774 4418 15)
792 4349 1000 4420 distinguerent
1019 4352 1075 4407 cod.
1096 4382 1129 4392 -
1152 4349 1195 4420 16)
1214 4349 1294 4404 nobis
1313 4351 1368 4404 cod.
1387 4380 1423 4390 -

247 4443 291 4510 17)
311 4439 379 4494 dicti
396 4439 425 4494 Τ.
