3386 5240
307 375 327 440 6
791 370 877 442 Leges
895 373 1000 442 regiae.

307 546 450 614 cccllss
480 547 663 612 habendum
689 569 758 612 esse
783 547 952 612 constituit
973 569 1159 634 mensesque
1181 550 1228 614 ita
1249 549 1421 634 disposuit,
1451 555 1491 615 ut

309 657 461 738 quattuor
483 673 522 716 ex
544 651 595 715 his
618 651 736 731 XXXI,
763 675 818 717 sex
841 675 916 718 vero
938 652 1031 718 XXX
1052 653 1209 720 haberent
1231 656 1329 721 dies.¹

396 759 425 825 6.
450 757 635 822 Macrobius
659 759 910 842 (sac.1,13,20):
934 759 1068 835 Quando
1094 797 1133 806 -
1158 761 1296 843 primum
1318 761 1491 827 intercala-

308 871 377 928 tum
400 864 451 942 sic,
476 864 564 928 varie
587 863 734 942 refertur,
765 868 797 928 et
819 863 926 929 Macer
949 865 1075 948 quidem
1105 864 1244 930 Licinius
1267 867 1334 931 eius
1356 867 1401 932 rei
1425 867 1492 932 ori·

308 973 415 1061 ginem
438 969 576 1034 Romulo
599 969 788 1054 adsignat.²

792 1144 1012 1212 estsimilis.

398 1272 427 1334 7.
451 1269 549 1332 Diou.
574 1264 680 1350 (225)
691 1265 716 1329 :³
743 1263 779 1329 Ὁ
804 1266 838 1328 δὲ
853 1264 1014 1350 Ῥωμύλος
1037 1305 1080 1314 -
1096 1269 1151 1331 ἕνα
1166 1307 1210 1316 -
1224 1269 1318 1353 νόμον
1335 1307 1375 1317 -
1392 1290 1492 1332 κατα-

313 1378 504 1460 στησάμενος
529 1372 571 1446 εἰς
597 1371 803 1455 σωφροσύνην
819 1410 861 1420 ·-
877 1374 981 1455 ἤγαγε
1003 1375 1059 1447 τὰς
1075 1383 1235 1456 γυναῖκας.
1266 1377 1304 1459 ην
1320 1375 1355 1438 δὲ
1370 1374 1493 1438 τοιόσδε

312 1481 328 1544 ὁ
351 1479 459 1563 νόμος·
488 1486 624 1560 γυναῖκα
646 1478 787 1558 γαμετὴν
812 1478 868 1558 τὴν
893 1478 978 1538 κατὰ
1001 1476 1138 1560 γάμους*
1162 1479 1262 1560 ἱεροὺς
1278 1479 1495 1543 συνελθοῦσαν

313 1585 400 1668 ἀνδρὶ
422 1584 572 1646 κοινωνὸν
595 1580 740 1642 ἁπάντων
764 1580 841 1642 εἶναι
864 1581 1033 1664 χρημάτων
1056 1603 1090 1646 τε
1113 1584 1167 1646 καὶ
1190 1583 1290 1666 ἱερῶν.

400 1689 430 1753 8.
461 1686 559 1751 Diou.
584 1684 729 1766 (2„25):5
763 1682 872 1747 Ταῦτα
897 1724 935 1732 -
962 1687 990 1749 οἱ
1013 1698 1172 1771 συγγενεῖς
1204 1691 1281 1773 μετὰ
1304 1699 1358 1752 τοῦ
1381 1689 1496 1771 ἀνδρὸς

312 1794 471 1871 ἐδίκαζον·
497 1792 529 1854 ἐν
554 1793 598 1864 οῖς
621 1793 659 1875 ην
688 1790 800 1872 φθορὰ
823 1788 977 1873 σώματος,
1002 1795 1056 1855 καὶ
1077 1831 1121 1840 -
1144 1796 1173 1856 εἴ
1193 1815 1237 1868 τις
1253 1795 1333 1856 οἶνον
1350 1793 1496 1877 εὑρεθείη

313 1909 428 1963 πιοῦσα
450 1895 542 1978 γυνή,
575 1894 737 1978 ἀμφότερα
761 1897 823 1978 γὰρ
849 1904 948 1957 ταῦτα
972 1896 1102 1980 θανάτῳ
1126 1897 1254 1982 ζημιοῦν
1277 1897 1497 1983 συνεχώρησεν

313 2001 522 2085 ὁῬωμὺλος.

402 2110 431 2173 9.
465 2105 657 2170 Plutarchus
687 2103 793 2189 (Rom.
818 2103 913 2188 22):⁶
938 2103 1064 2188 Ἔθηκε
1087 2106 1122 2169 δὲ
1144 2108 1199 2170 uui
1221 2106 1335 2190 νόμους
1357 2109 1441 2181 τινὰς
1464 2107 1498 2191 (ὁ

386 2267 412 2333 l)
431 2262 473 2332 Of.
493 2261 694 2327 Mocr.1,12,5:
711 2259 834 2328 primum
848 2260 916 2314 anni
930 2277 1054 2315 mensem
1069 2259 1192 2330 genitori
1211 2279 1259 2318 suo
1273 2261 1363 2318 Marti
1381 2263 1496 2328 dicavit,

314 2371 396 2424 quem
415 2366 541 2405 mensem
560 2346 628 2402 anni
646 2348 769 2417 primum
789 2346 877 2402 fuisse
897 2347 941 2402 vel
962 2365 995 2402 ex
1014 2347 1065 2402 hoc
1077 2348 1198 2404 maxime
1210 2350 1355 2420 probatur,
1373 2351 1446 2420 quod
1459 2351 1499 2405 ab

315 2441 376 2511 ipso
400 2436 535 2504 Quintilis
562 2434 678 2504 quintus
705 2438 748 2488 est
773 2437 802 2490 et
829 2435 962 2505 deinceps
988 2453 1039 2506 pro
1064 2453 1179 2492 numero
1206 2438 1434 2494 nominabantur.
1462 2467 1496 2480 -

314 2531 341 2598 2)
360 2527 448 2582 Macr.
467 2525 559 2580 addit:
585 2522 741 2576 Antias-
760 2521 883 2576 Numam
913 2521 1086 2592 Pompilium
1111 2539 1250 2579 sacrorum
1269 2539 1354 2578 cerrsu
1371 2524 1400 2578 id
1419 2525 1498 2580 inve·

315 2616 388 2671 nisse
423 2611 576 2669 contendit.
620 2609 715 2664 Iunius
742 2609 870 2663 Servium
900 2607 1028 2665 Tullium
1052 2627 1147 2680 regem
1171 2611 1293 2680 primum
1315 2611 1500 2668 intercalasse

315 2703 523 2759 commemorat.
543 2696 755 2751 -Tuditanus
774 2697 861 2752 refert
879 2727 914 2737 -
932 2697 1111 2762 decemviros,
1137 2697 1185 2767 qui
1203 2699 1227 2752 X
1246 2697 1353 2752 tabulis
1372 2698 1399 2752 II
1418 2698 1497 2752 addi-

316 2791 426 2851 derunt,
445 2787 479 2842 de
497 2785 691 2841 intercalando
709 2786 845 2855 populum
864 2801 978 2855 rogasse
1000 2786 1048 2854 (cf.
1070 2784 1141 2839 XII.
1154 2789 1238 2854 11,2);
1259 2783 1369 2840 Cassius
1388 2785 1497 2840 eosdem

317 2876 413 2932 scribit
432 2875 566 2930 auctores.
595 2871 711 2926 Fulvius
730 2875 825 2928 aretem
846 2871 876 2926 id
897 2871 986 2942 egisse
1006 2872 1052 2928 M:
1072 2872 1194 2928 Acilium
1215 2873 1356 2929 consulem
1375 2871 1443 2926 dicit
1462 2872 1501 2926 ab

316 2985 344 3020 υ.
362 2983 385 3020 ο.
405 2980 479 3020 anno
496 2963 557 3025 562,
577 2960 673 3014 -sed
693 2961 747 3014 hoc
770 2960 866 3029 arguit
882 2959 974 3016 Varro
993 2961 1148 3026 scribendo,
1166 2960 1391 3030 antiquissimam
1406 2961 1498 3028 legem

317 3051 401 3108 inisse
424 3050 541 3104 incisam
565 3048 594 3102 in
619 3049 748 3103 columna
780 3065 862 3102 aerea
887 3066 904 3102 a
926 3047 954 3102 L.
974 3048 1090 3104 Pinario
1118 3051 1147 3104 et
1168 3048 1249 3104 i'urio
1267 3065 1320 3104 cos.
1345 3047 1433 3116 (282),
1455 3048 1500 3102 cui

318 3139 423 3195 mentio
450 3135 627 3192 intercalaris
651 3135 825 3189 adscribitur.
872 3135 913 3204 Of.
939 3136 1031 3206 Volat,
1059 3139 1103 3191 ius
1120 3137 1168 3192 cio
1191 3153 1217 3189 u.
1235 3142 1305 3206 qaut.
1324 3139 1375 3189 187
1397 3153 1424 3190 u.
1442 3139 1499 3189 175.

319 3227 474 3288 Mamurscu,
489 3223 612 3278 Obrenol.
633 3227 761 3290 11,31,40.
787 3223 923 3291 Huschke,
935 3223 1089 3282 riuuStud.
1101 3227 1235 3292 ree-58.
1255 3251 1285 3260 -—
1306 3223 1336 3291 3)
1355 3223 1501 3292 (Romulus

318 3331 375 3370 una
393 3315 456 3383 lege
470 3313 532 3367 lata
545 3312 581 3366 ad
591 3311 759 3366 modestiam
778 3311 896 3366 adduxit
909 3312 1047 3369 mulieres.
1066 3311 1142 3376 Quae
1155 3311 1199 3364 lex
1212 3310 1367 3364 haeserat:
1388 3327 1500 3365 uxorem

318 3405 432 3466 iustam,
444 3417 516 3470 quae
533 3398 640 3468 nuptiis
652 3398 769 3453 sacratis
787 3399 1031 3467 (consurrectione)
1042 3399 1071 3452 in
1085 3415 1200 3453 manum
1211 3397 1307 3451 mariti
1319 3395 1503 3462 convenisset,

319 3487 540 3546 communionem
567 3503 628 3540 cum
652 3502 684 3542 eo
710 3486 813 3541 habere
831 3485 956 3541 omnium
976 3486 1111 3542 bonorum
1130 3487 1158 3538 et
1176 3483 1338 3553 sacrorum.)
1356 3513 1388 3522 —
1408 3483 1436 3553 4)
1456 3483 1504 3537 Itu

321 3577 439 3632 Siuteuc's
453 3591 506 3642 pro
526 3579 631 3642 νόμους.
649 3604 684 3615 -
703 3578 731 3641 5)
749 3574 799 3643 (De
819 3574 862 3628 his
884 3575 1091 3646 cognoscebant
1110 3571 1224 3642 cognati
1243 3587 1305 3625 cum
1324 3571 1441 3627 marito:
1467 3570 1503 3625 de

321 3661 471 3719 adulteriis
490 3663 518 3715 et
536 3661 559 3713 si
581 3677 637 3728 qua
656 3659 753 3714 vinum
774 3659 877 3714 bibisse
898 3662 1078 3728 argumetum
1098 3659 1311 3726 hocutrumque
1324 3657 1398 3712 enim
1412 3661 1504 3714 morte

319 3750 419 3822 punire
434 3748 566 3804 Romulus
586 3747 739 3818 concessit.)
767 3748 809 3817 Of.
824 3749 896 3804 Fest.
916 3748 962 3813 (L.
973 3752 1033 3812 197)
1055 3745 1200 3802 Osculum:
1220 3743 1402 3814 significatur
1415 3747 1502 3802 etiam

322 3838 416 3896 osculo
436 3836 554 3898 savium,
573 3866 606 3875 -
625 3834 699 3903 quod
719 3834 795 3889 inter
814 3837 950 3903 cognatos
963 3832 1186 3902 propinquosque
1197 3831 1361 3886 institutum
1381 3833 1417 3886 ab
1430 3833 1504 3888 anti·

320 3927 383 3997 quis
405 3927 460 3988 ert,
491 3922 668 3989 maximeque
689 3922 817 3979 feminas.
844 3953 880 3962 -
907 3923 934 3992 6)
953 3920 1119 3992 (Constituit
1137 3937 1246 3988 quoque
1264 3921 1340 3988 leges
1358 3921 1505 3990 quasdam,

321 4030 441 4086 quarum
465 4013 518 4067 illa
537 4014 608 4067 dum
627 4014 686 4074 est,
713 4027 786 4080 quae
807 4011 889 4066 uxori
907 4027 963 4065 non
983 4009 1126 4079 permittit
1146 4006 1286 4062 divertere
1309 4008 1454 4072 emerito,
1474 4010 1506 4062 at

321 4102 425 4156 marito
449 4097 591 4170 permittit
623 4115 735 4155 uxorem
759 4098 910 4169 repudiare
927 4100 1043 4168 propter
1063 4096 1226 4152 veneficium
1244 4095 1317 4150 circa
1334 4095 1442 4164 prolem
1460 4096 1506 4150 vel

322 4188 521 4244 subiectionem
540 4187 663 4240 clavium
683 4186 730 4240 vel
752 4186 928 4240 adulterium
947 4184 1134 4248 commissum,
1154 4183 1177 4238 si
1191 4181 1353 4237 veroaliter
1371 4182 1505 4250 quiesse

322 4277 481 4331 dimitteret
500 4290 628 4337 uxorem,
659 4273 796 4328 bonorum
816 4272 875 4326 eius
893 4275 1004 4342 partem
1024 4272 1117 4327 risoris
1135 4271 1203 4336 fieri,
1221 4272 1331 4340 partem
1351 4269 1444 4323 Cereri
1462 4285 1506 4323 sa·

324 4382 399 4420 cram
420 4380 478 4418 esse
496 4362 592 4426 iussit;
612 4361 661 4430 qui
680 4363 776 4416 autem
796 4361 932 4416 venderet
950 4376 1072 4423 uxorem,
1094 4359 1147 4414 diis
1166 4357 1262 4414 inferis
1281 4356 1442 4424 immolari.)
1471 4357 1506 4424 cf.

323 4453 495 4520 Sctlcec'uqer,
514 4448 599 4504 ΖΒΘ.
619 4451 688 4515 8,58.
