3400 5250
670 417 772 474 suisti
793 422 964 490 praetorum.
1345 422 1408 485 203

226 596 397 650 Edictorum.
406 595 487 650 amba
505 612 519 650 e
536 595 606 650 bibra
619 611 677 648 meo
697 595 760 662 (das
772 594 903 650 Edictum
916 594 1076 663 Perpetuam
1089 595 1135 665 [Ε.
1149 595 1200 662 Ρ.],
1213 597 1292 662 1883)
1311 594 1412 663 repetii,

225 699 361 752 perpauca
388 683 543 752 immutari„
571 682 645 752 Quae
669 690 757 738 autem
774 699 830 736 non
850 683 886 736 ad
903 683 1011 736 uerbum
1029 699 1152 752 expressa
1174 684 1320 739 traduntur
1336 683 1413 736 sede

230 773 430 825 commentariis
448 771 614 826 restituenda
633 777 721 838 erant,
736 772 908 840 praetermisi
923 773 979 826 nisi
989 771 1026 825 ad
1036 777 1121 842 cetera
1133 772 1227 826 meiius
1238 771 1413 840 inteltependa

229 859 336 927 aliquid
353 859 475 926 conferre
492 858 659 912 videbantur.
702 858 854 912 Titutorum
872 859 964 912 seriem
978 861 1123 928 praecipue
1141 860 1178 914 ad
1193 859 1310 928 Ulpiani
1317 847 1412 914 Pauli-⁴

226 963 276 1016 que
304 947 387 1002 libros
410 949 440 1000 in
465 948 585 1015 marpine
612 947 755 1002 adnotatos
780 949 900 1014 restitui,
929 964 982 1014 qua
1009 948 1041 1000 de
1057 964 1086 1000 re
1113 949 1147 1015 es.
1167 949 1202 1002 Ε.
1222 948 1253 1002 P.
1276 965 1304 1016 p.
1323 951 1340 1001 3
1357 963 1411 1015 sqq.

230 1033 431 1090 Controversins
449 1036 498 1089 boc
517 1037 574 1090 loco
593 1052 646 1106 esse
664 1035 823 1089 omittendas
841 1037 937 1090 censui.

527 1195 631 1276 (Pars
648 1197 768 1276 prima.
815 1193 865 1259 De
889 1195 954 1260 bitis
977 1197 1129 1276 arcudio.)

316 1333 419 1403 ‘Neque
442 1337 473 1387 in
493 1341 586 1403 partes
609 1351 693 1402 neque
715 1336 745 1388 in
771 1335 853 1388 libros
876 1335 990 1388 diadum
1012 1335 1100 1403 fnisse
1123 1335 1238 1389 edictum
1251 1340 1410 1403 perpetuum

228 1423 310 1476 ‘inter
328 1437 417 1475 omnes
435 1427 538 1476 constat
543 1442 552 1489 ,·
571 1424 659 1478 titulis
676 1430 765 1477 autem
780 1424 889 1492 sinputa
907 1423 1001 1491 edicta,
1019 1441 1089 1492 quae
1106 1425 1143 1478 ad
1160 1423 1269 1478 eandem
1286 1439 1341 1476 rem
1351 1439 1408 1491 per·

231 1509 332 1570 ‘tinent
353 1511 539 1577 comprehensa
551 1511 641 1578 fuisse
659 1517 714 1564 tam
738 1511 871 1580 Ulpianus
889 1528 969 1580 quem
987 1513 1038 1566 atii
1054 1512 1162 1572 dicant;
1182 1511 1270 1564 titulis
1287 1511 1409 1566 rubricae

234 1597 386 1664 ‘inscriptae
404 1603 488 1662 mant,
515 1614 583 1664 quae
602 1615 701 1667 mapna
719 1601 893 1666 expertein
911 1599 1019 1668 dipestis
1036 1601 1164 1668 repetitae
1180 1605 1251 1665 sunt,
1270 1599 1353 1652 aetati
1370 1599 1410 1652 ‘de

230 1684 268 1736 ‘in
286 1684 330 1736 ins
347 1683 483 1748 uocando’‚
504 1685 543 1738 ‘de
560 1687 579 1740 i.
598 1687 616 1740 i.
634 1687 766 1752 restitut',
787 1685 827 1740 ‘de
838 1687 891 1740 reb.
905 1687 1019 1742 creditis
1039 1693 1085 1742 etc.
1114 1685 1175 1740 Gai.
1189 1689 1258 1753 4,46.
1282 1685 1319 1740 D.
1330 1690 1410 1753 3,1,1;

167 1800 168 1809 ι
227 1774 763 1840 ί4,1,1,·12,1,1,·43,1,2,3;5(),16,195,3.
803 1773 954 1828 Titutormm
972 1776 1052 1829 series
1070 1791 1103 1828 ecc
1120 1774 1232 1842 Ulpiani
1243 1775 1410 1843 aliorumque

230 1859 314 1912 ‘tibris
332 1859 369 1911 ad
386 1858 425 1914 ed.
439 1859 526 1926 facile
544 1861 726 1928 capnoscitur5
744 1877 876 1928 quaenam
883 1863 973 1928 fuerit
985 1863 1144 1930 disponendi
1156 1863 1236 1925 ratio,
1249 1863 1410 1916 uehementer

227 1946 324 2000 ‘adbuc
344 1946 515 2014 disceptatur.
552 1947 625 2000 Erat
643 1954 732 2001 autem·
751 1949 864 2002 edictum
884 1955 927 2014 (nt
945 1951 1031 2004 dicam
1050 1950 1116 2019 quid
1126 1953 1250 2010 sentiam)
1269 1966 1353 2019 neque
1368 1966 1408 2004 co·

229 2034 288 2088 ‘der
309 2035 378 2087 iuris
402 2050 485 2101 neque
510 2033 575 2086 ordo
599 2034 760 2088 iudiciarias
781 2052 865 2104 neque
889 2037 954 2090 tiber
971 2039 1113 2091 actionum.
1152 2037 1289 2090 Nimirum
1306 2043 1408 2092 natura

227 2123 292 2179 ‘etas
316 2138 371 2176 non
392 2127 480 2190 potest
501 2127 570 2174 recte
594 2121 712 2174 iudicari
733 2123 788 2174 nisi
805 2139 837 2174 ea
856 2123 947 2190 officio
962 2126 1096 2190 praetoris
1114 2126 1157 2177 ius
1176 2124 1293 2177 dicentis
1332 2123 1408 2178 Haec

230 2211 308 2262 ‘enim
321 2210 466 2278 praecipue
484 2209 529 2262 itti
544 2213 621 2261 mant
640 2209 821 2262 obseruanda:
839 2215 862 2263 1.
881 2215 912 2262 nt
931 2210 986 2263 litis
1004 2211 1142 2264 scordium
1160 2211 1298 2264 ordinaret
1304 2232 1313 2277 ‚·
1330 2217 1358 2265 2.
1378 2219 1409 2264 nt

227 2297 353 2351 ‘actiones
376 2297 472 2364 quibus
491 2297 597 2364 titipare
612 2301 721 2363 possent
739 2297 923 2364 constituerem
950 2301 973 2350 3.
993 2304 1024 2351 nt
1041 2299 1071 2351 in
1089 2299 1143 2362 fine
1162 2299 1217 2351 titis
1235 2314 1309 2366 opem
1322 2298 1409 2366 ferret
1472 2307 1474 2310 '

229 2385 365 2438 ‘aduersus
382 2377 456 2438 reum
474 2385 515 2437 reb
533 2383 735 2437 condemnatum
753 2383 794 2436 oet
813 2383 961 2452 confessum
979 2387 1019 2438 oet
1037 2401 1092 2438 non
1110 2385 1255 2453 defensum,
1274 2386 1408 2440 actoribus

228 2476 292 2526 ‘tam
310 2471 424 2540 stupetis
442 2471 671 2538 quampluribus,
691 2472 784 2539 quiin
804 2472 874 2526 bona
895 2474 951 2528 eius
968 2479 1160 2527 concurrerent.
1199 2473 1257 2542 Quo
1270 2474 1362 2527 ordine
1378 2477 1408 2528 in
1462 2513 1465 2520 ,

231 2559 410 2628 ‘disponendis
429 2560 521 2614 edictis
538 2565 642 2614 seruato
660 2559 781 2629 effectum
800 2567 846 2628 est,
864 2567 896 2614 nt
913 2567 966 2616 tres
981 2563 1146 2630 principales
1161 2563 1266 2630 possint
1279 2561 1409 2630 distinqui
1463 2559 1467 2566 '

229 2648 334 2717 partes,
360 2647 456 2716 quibus
474 2653 572 2716 quarta
591 2647 692 2702 accedit
710 2663 781 2702 noua
799 2649 993 2705 iurisdictionis
1007 2651 1162 2718 praetoriae
1179 2651 1305 2704 instituta
1323 2650 1407 2704 conti·

138 2766 140 2770 ·
227 2739 314 2790 mens:
339 2735 491 2800 interdicta,
511 2737 681 2803 exceptiones,
701 2736 887 2804 stipulationes
903 2739 1062 2804 praetoriae.
1100 2736 1250 2804 Difficib’or
1268 2743 1305 2790 est
1324 2739 1406 2805 expli-

227 2829 299 2876 ‘eatu
321 2823 393 2875 ratio
417 2821 520 2874 ordinis
543 2821 683 2874 titulorum
705 2822 836 2874 secundae
856 2824 960 2890 partis,
988 2840 1042 2891 qua
1062 2823 1093 2875 de
1111 2839 1140 2876 re
1157 2822 1247 2876 uideas
1266 2822 1407 2892 Rudorffii

227 2909 481 2964 ‘commentationem
499 2909 530 2960 in
548 2906 634 2960 ZRG.
653 2911 728 2974 353,
756 2908 815 2961 licet
832 2924 962 2964 summam
980 2927 1060 2978 quam
1077 2910 1123 2963 iile
1141 2912 1281 2978 proposuit
1298 2911 1405 2964 diuisio-

226 3002 294 3050 ‘nem
311 2997 340 3048 in
358 2995 444 3049 edicta
463 2995 494 3048 de
511 2995 569 3047 inre
587 3001 611 3048 et
629 2995 662 3048 de
669 2996 834 3062 possessione
847 2997 966 3064 equidem
979 3014 1033 3052 non
1047 2997 1290 3065 comprobaverim!
1309 2997 1407 3051 Bsusc.

228 3084 263 3136 In
282 3083 324 3136 bis
342 3082 463 3136 omnibus
481 3075 627 3134 doctissimi
651 3081 704 3132 oiri
720 3083 866 3136 sententiae
884 3084 1003 3136 lubenter
1020 3085 1163 3138 subscribo.
1203 3084 1341 3138 Secundae
1359 3101 1407 3136 aa·

227 3177 278 3224 tem
304 3169 384 3222 edicti
406 3169 494 3236 partis
518 3168 658 3221 titulorum
683 3169 800 3220 ordinem
825 3186 885 3222 enni
908 3187 961 3224 esse
979 3171 1109 3229 arbitror.
1137 3179 1168 3226 ut
1185 3174 1304 3239 primurn
1322 3171 1408 3224 bocum

152 3267 154 3271 '
227 3262 333 3310 teneant
351 3272 420 3323 quae
437 3271 450 3308 e
468 3271 541 3308 mera
559 3254 744 3307 iurisdictione
757 3255 873 3322 pendent
885 3259 1010 3324 actiones,
1030 3257 1124 3311 deinde
1137 3275 1168 3311 ea
1182 3264 1328 3324 sequantur
1339 3258 1408 3311 iuris

226 3345 331 3398 arcadia
351 3360 418 3410 quae
437 3344 607 3396 continentur·
624 3343 743 3410 imperio,
762 3344 797 3410 cf.
816 3344 852 3398 E.
864 3345 895 3396 P.
915 3363 941 3413 p.
958 3346 1094 3411 VIII,16.
1132 3346 1192 3415 Qua
1206 3348 1310 3399 ratione
1323 3352 1407 3399 totum

227 3431 343 3486 edictum
362 3433 392 3484 in
412 3432 527 3499 quinque
544 3436 634 3498 partes
651 3431 738 3486 dirui.

314 3551 340 3618 I.
386 3553 808 3621 Deiurisdictione¹.

318 3661 345 3723 1.
386 3661 435 3723 Ad
468 3661 559 3742 bepem
591 3661 841 3744 municipalemfl.
891 3686 917 3726 a.
954 3661 987 3726 si
1016 3664 1085 3748 quis
1117 3665 1167 3728 ius
1192 3663 1310 3728 dicenti
1343 3685 1407 3728 non
1431 3662 1486 3740 Ἡ]

228 3764 524 3847 obtemperaverib³‚
549 3763 672 3848 (quanti
695 3787 731 3829 ea
753 3787 804 3830 res
827 3769 895 3844 erit,
920 3767 1072 3832 'iudicium
1096 3769 1200 3854 dabo).

283 3935 286 3942 ,
317 3868 348 3932 b.
384 3867 417 3931 si
441 3868 511 3952 quis
541 3868 576 3931 in
606 3870 655 3932 ius
679 3876 809 3936 vocatus
833 3921 944 3937 .....
971 3895 1033 3937 non
1057 3874 1131 3940 ierit
1155 3877 1222 3940 sive
1245 3877 1316 3960 quis
1340 3898 1411 3939 eum

236 3973 407 4051 vocaverit,
431 3995 525 4056 quem
549 3995 587 4036 ex
604 3975 706 4040 edicto
722 3999 785 4041 non
804 3977 976 4056 debuerim,
1002 4029 1108 4044 .....
1127 3980 1292 4064 (indicium
1308 3979 1410 4061 dabo).

315 4100 341 4142 c.
381 4076 445 4162 (De
466 4079 581 4142 damno
605 4079 741 4164 infecto.)
772 4133 778 4146 .
799 4133 805 4146 .
823 4131 830 4146 .
849 4083 916 4146 eius
933 4083 978 4146 rei
996 4133 1003 4148 .
1021 4134 1027 4146 .
1047 4133 1053 4147 .
1072 4085 1146 4148 dum
1162 4085 1200 4162 ei,
1229 4085 1283 4167 qui
1299 4085 1411 4160 aberit,

228 4185 313 4192 ...ψ-ι,
336 4188 344 4191 .
381 4187 402 4191 ..,.
433 4187 437 4191 .

300 4218 325 4286 l)
344 4185 432 4271 Rubr.
450 4217 487 4272 D.
499 4221 550 4282 2‚1.
569 4244 604 4255 -
622 4217 649 4286 2)
669 4217 756 4272 Rubr.
775 4220 812 4275 D.
834 4224 934 4287 (50‚1):
953 4221 990 4274 ad
1006 4223 1197 4290 municipalem
1215 4227 1239 4274 et
1257 4221 1289 4274 de
1305 4222 1408 4274 ineatis.

229 4303 271 4372 Cf.
292 4304 384 4370 Leuci,
409 4303 496 4358 ΖΒΘ.
514 4307 554 4370 15,
578 4321 606 4372 p.
623 4307 657 4357 16
674 4321 729 4373 sqq.
756 4337 790 4347 -
819 4309 847 4372 3)
869 4309 940 4362 Sunt
958 4309 1038 4362 amba
1057 4307 1128 4362 Rub.
1147 4310 1184 4364 D.
1202 4312 1261 4375 2,3;
1284 4323 1412 4376 persaepe

227 4393 296 4446 enim
319 4391 464 4454 edictorum
487 4391 567 4445 uerba
589 4393 710 4445 initialia
729 4393 893 4462 dipestorum
911 4397 999 4450 titulis
1015 4401 1047 4449 nt
1064 4395 1190 4448 rubricae
1207 4386 1343 4462 inscripta
1358 4410 1413 4450 esse

228 4478 361 4532 ridentur.
381 4507 412 4518 -
433 4479 461 4540 4)
481 4477 567 4531 Rubr.
586 4477 623 4530 D.
641 4480 694 4540 2,5.
1089 4490 1091 4493 ·
