3386 5240
286 300 327 366 50
650 299 706 355 Lex
726 299 797 356 Osca
815 300 932 356 tabulae
952 299 1099 356 Bantinae.

342 475 401 562 (2.)
428 475 480 541 Pis
547 477 675 561 pocapit
709 481 782 560 post
806 497 882 540 axae
905 497 1038 541 comono
1061 477 1197 543 hafieet¹
1255 479 1374 557 matidis
1413 481 1468 544 det

418 582 480 663 Qut
503 581 689 663 quandoque
707 587 782 662 poet
809 581 868 646 tac
899 583 1025 646 comitia
1047 583 1168 648 tacebit
1198 586 1402 668 matistuatue
1417 586 1454 651 de

224 684 405 748 ,deastrid
427 682 578 750 lovfrud²
606 686 610 770 Ι
640 709 679 750 en
715 685 852 764 eitum³,
897 684 1008 750 facud
1032 709 1110 772 povs
1155 693 1246 753 tovto
1285 689 1467 754 deitatuns⁴

298 787 400 866 fuudo
469 789 583 858 libero²
642 795 669 854 et
695 789 873 872 pemuiae‚⁸
908 790 1004 870 facito
1049 797 1084 856 ut
1122 794 1264 875 populus
1316 795 1433 860 iurati*

236 903 277 961 10.
301 894 469 978 tanginom
492 896 628 972 deicans,
652 895 750 960 siom⁶
774 895 830 959 dat
846 895 946 960 eizaso
961 896 1024 960 idio
1046 897 1206 982 tengineis
1226 897 1231 982 Ι
1251 898 1384 978 deicum,
1408 899 1471 984 pod

287 1001 471 1064 seutentiam
498 999 612 1078 dtoaut,
681 999 724 1065 ee'
781 1000 818 1065 de
862 1001 906 1065 ete
973 1001 1008 1064 id
1039 1003 1207 1067 seutmtiae
1261 1003 1368 1083 dicere,
1390 1004 1472 1084 quod

289 1104 483 1170 valaem0m⁰
499 1105 654 1170 tovticom
676 1105 780 1170 tadait
795 1127 893 1183 enum,
917 1128 979 1190 nep
1002 1105 1139 1188 fefacid⁷
1163 1107 1225 1191 pod
1248 1108 1298 1192 pis
1321 1108 1472 1174 dateimc
1523 1095 1527 1103 ¹

289 1209 458 1289 opttmum⁶
476 1210 641 1291 publicam
664 1217 784 1276 tameat
813 1231 884 1290 cese,
915 1231 987 1276 ueoe
1012 1209 1121 1290 feoem't
1158 1234 1217 1294 qao
1234 1215 1304 1295 quis
1326 1213 1363 1278 de
1407 1237 1443 1279 ea

237 1317 279 1371 ll·
291 1316 404 1401 egmad
427 1316 510 1380 mine
525 1313 530 1384 Ι
546 1315 669 1380 deivaid
685 1315 781 1381 dolud
798 1315 915 1380 malud.
940 1313 1070 1401 Svaepis
1080 1318 1215 1382 contrad
1226 1316 1471 1384 mucfefacust⁸

333 1441 368 1486 ue
411 1422 518 1486 miuus
562 1422 644 1486 iuuet
697 1411 767 1485 doto
804 1422 896 1486 mato.
943 1421 1052 1504 Siquis
1090 1428 1198 1488 coutua
1241 1423 1298 1488 too
1339 1422 1446 1501 feeerit

239 1526 279 1580 12·
291 1526 358 1590 avti
381 1547 515 1590 comcno
538 1526 659 1610 hipust,
684 1527 785 1591 molto
809 1526 947 1611 etan1t0⁹
970 1527 1062 1592 estad
1083 1550 1113 1590 11.
1140 1525 1190 1591 olo
1213 1524 1271 1591 oIo.
1295 1525 1333 1591 In
1349 1529 1473 1612 svaepis

249 1657 259 1700 ,·
291 1636 347 1694 aut
370 1631 495 1694 comitto
510 1630 661 1709 uocum,
685 1629 784 1694 multa
806 1629 911 1695 tauta⁹
974 1636 1051 1696 esto:
1083 1651 1113 1694 u.
1159 1630 1249 1695 MM.
1295 1630 1340 1694 Et
1362 1632 1462 1712 etquis

292 1737 364 1800 ione
401 1734 495 1800 fortis
542 1734 660 1799 meddis
694 1733 849 1798 moltaum
861 1735 977 1814 heresi,
991 1733 1471 1823 empert¹⁰minstreisoeteis¹¹l

293 1861 362 1904 eum
376 1838 494 1917 fortius
502 1840 708 1922 maaistrmm
719 1840 853 1904 multare
875 1841 960 1920 ootet,
983 1839 1473 1923 dumtaooat¹⁰mtuoutspaotio¹¹

241 1953 282 2008 13.
316 1945 419 2008 cituco
464 1945 580 2008 malias
604 1944 759 2008 moltaum
783 1945 905 2009 licitud.
929 1964 975 2010 ω

288 2050 444 2130 memmae
465 2050 582 2114 mattas
616 2051 750 2115 muttum
795 2051 889 2116 liceto.

298 2193 512 2202 .—-.-..-.—-—.

295 2275 399 2330 Similis
418 2276 543 2344 formula
570 2279 600 2330 m
623 2275 816 2330 iureiurando
838 2276 958 2330 iudicum
976 2277 1181 2330 Atheniensium
1199 2281 1261 2330 οὔτε
1279 2281 1388 2346 χάριτος
1408 2275 1477 2330 ἕνεκ’

295 2362 349 2416 οὔτ’
369 2365 472 2431 ἔχθρας
491 2364 693 2430 (Dauoettuaee
711 2367 789 2431 ttae
805 2381 833 2432 p.
853 2367 940 2430 1318).

366 2452 392 2517 1)
412 2449 519 2504 hafiert.
539 2480 573 2490 -
592 2450 620 2518 2)
638 2452 656 2504 i.
667 2468 687 2506 e.
698 2452 798 2520 faudo,
817 2453 865 2519 qut
883 2453 913 2505 tu
932 2451 1016 2506 libera
1027 2457 1166 2519 potestate,
1187 2453 1204 2504 i.
1215 2469 1236 2504 e.
1247 2451 1374 2518 domimo,
1386 2453 1476 2520 auau-

294 2537 382 2590 cuum
399 2543 451 2603 est,
477 2553 533 2591 uou
550 2543 627 2591 entra
646 2540 838 2604 commercium,
859 2544 890 2592 ut
907 2539 1091 2606 respublicae
1108 2545 1250 2594 cteacrae.
1284 2569 1303 2578 -
1323 2539 1351 2606 3)
1369 2538 1479 2600 citu-a,

292 2623 409 2690 fortasse
426 2625 460 2677 ab
478 2623 590 2692 i(ei)·re,
616 2630 648 2678 ut
664 2625 773 2686 aedituo,
798 2629 906 2689 εῐςοοος,
932 2625 1120 2686 Etutmumeu,
1141 2631 1179 2679 est
1196 2627 1312 2694 pecuum
1317 2645 1327 2691 ‚·
1352 2625 1479 2679 emititur

296 2711 376 2764 etiam
393 2709 508 2773 eitinva,
527 2717 574 2765 ut:
596 2711 685 2766 saved
704 2710 782 2765 eitiu.
802 2731 835 2760 =
854 2727 905 2765 eua
919 2713 1039 2780 pecunia
1058 2711 1479 2782 (E.11‚21)‚·citiuvampaam

298 2795 519 2850 tristaamentud
533 2796 622 2852 deded
635 2819 664 2846 =
673 2813 727 2867 pec.
742 2813 823 2866 quam
835 2803 991 2852 testamento
1004 2797 1077 2851 dedet
1091 2797 1138 2862 (E.
1148 2801 1252 2866 11,16)‚·
1270 2798 1397 2854 eitiuvad
1410 2797 1480 2853 mol·

187 2889 189 2895 '
297 2881 455 2936 tesikad:
469 2900 525 2952 pec.
543 2884 703 2948 multaticia,
714 2884 774 2938 aire
788 2884 953 2940 moltatieod
967 2884 1012 2938 Or.
1024 2888 1098 2940 3147.
1112 2915 1144 2926 -
1157 2889 1184 2954 4)
1198 2885 1356 2940 Coatuucte'o
1362 2886 1482 2954 pluralis

297 2971 446 3026 deivatnns
466 2972 579 3026 deioans
597 2990 657 3028 eum
675 2973 813 3043 stoqulam'
831 2973 901 3029 siam
919 2971 1030 3028 deicum
1049 2979 1074 3027 et
1087 2973 1182 3028 teatio
1202 2973 1292 3026 eodem
1309 2979 1348 3028 eet
1359 2979 1440 3042 atquc
1452 2975 1482 3028 tu

298 3059 315 3112 t.
329 3057 404 3128 Satn.
415 3062 451 3113 26
456 3079 464 3113 :
484 3059 598 3115 iurante
610 3077 638 3114 se
651 3059 725 3129 quod
736 3091 770 3100 «-
779 3064 894 3114 censeat
904 3089 939 3100 -
948 3059 1099 3124 dicturum,
1119 3066 1144 3114 et
1156 3060 1173 3113 t.
1185 3059 1268 3114 Baut.
1282 3059 1345 3114 Lat.
1362 3077 1385 3114 a.
1395 3065 1482 3125 2425,

298 3147 314 3200 t.
328 3146 399 3200 nat.
417 3163 441 3200 u.
454 3150 539 3202 3637.
557 3176 592 3186 -
609 3148 638 3212 5)
657 3150 739 3201 stom.
757 3176 791 3186 -
810 3147 838 3215 6)
858 3146 953 3200 valae·
970 3167 1005 3193 =
1023 3147 1135 3210 uatem,
1158 3164 1246 3202 ·mom
1265 3154 1303 3204 est
1319 3149 1485 3216 superlativi

297 3239 339 3302 (ut
352 3235 491 3304 pri-mum,
511 3233 681 3303 nesi-mom),
700 3249 762 3304 erqo
779 3233 993 3302 ualidissimum
1012 3234 1070 3290 val.
1090 3235 1224 3291 tovticom
1245 3235 1339 3290 tedeit
1358 3236 1427 3291 idem
1445 3242 1484 3290 eet

298 3327 378 3390 atque
400 3323 430 3376 m
448 3323 465 3377 l.
484 3321 559 3390 Saip.
577 3323 628 3376 26:
656 3324 689 3376 ut
714 3339 747 3376 ex
772 3339 802 3376 rc
826 3321 967 3376 communi
986 3320 1160 3391 municipum
1185 3326 1299 3376 censeat
1324 3321 1384 3378 fore
1412 3328 1437 3378 et
1454 3323 1484 3376 iu

300 3409 316 3461 t.
336 3407 368 3462 de
385 3410 447 3478 imp,
468 3408 631 3478 Veepae.15:
650 3426 713 3464 cum
732 3425 765 3464 ex
784 3425 814 3464 re
833 3408 949 3478 publica
967 3407 1092 3462 censebit
1110 3425 1175 3463 esse.
1208 3407 1311 3462 'l'adait
1323 3431 1358 3456 =
1371 3416 1482 3476 censeat,

300 3497 335 3564 cf.
353 3500 483 3561 tot-came
501 3519 536 3544 =
554 3499 692 3566 consulto,
721 3499 884 3564 ἑπι-τηδεὺω.
905 3526 937 3536 -
959 3497 986 3564 7)
1006 3495 1123 3565 sepecid.
1144 3526 1176 3535 —-
1196 3495 1224 3565 8)
1243 3496 1285 3550 ela
1298 3496 1431 3552 tetecum.
1451 3525 1484 3537 -

300 3584 327 3651 9)
346 3583 483 3652 satutem
501 3601 555 3640 esee
574 3591 655 3638 autea
667 3584 825 3652 ferebatur,
851 3583 899 3638 ced
916 3598 973 3636 uou
991 3588 1030 3637 eet
1047 3583 1178 3650 ecro'mum
1196 3600 1220 3637 o.
1238 3587 1275 3637 26
1293 3584 1395 3649 etauio,
1414 3583 1485 3636 uude

301 3669 359 3726 Hu.
377 3673 485 3726 uerbum
504 3673 631 3741 coufiuqtt
649 3675 748 3727 etaneo
762 3693 797 3718 =
809 3672 959 3736 cadomum
978 3686 1060 3738 quum
1074 3686 1149 3724 auae
1162 3670 1313 3725 eattbemm
1324 3672 1485 3739 natuturam

302 3758 448 3825 coufirmat.
468 3759 520 3816 tab.
539 3760 616 3828 Ioue.
629 3759 704 3822 5b,6:
723 3761 825 3814 etanta
838 3761 920 3812 mutu
934 3779 969 3804 =
981 3763 1059 3812 tauta
1077 3758 1172 3814 matta.
1200 3758 1265 3813 Nou
1281 3759 1415 3828 stautficot
1426 3773 1485 3826 per·

301 3863 426 3916 moyuam
444 3848 564 3910 mattam,
582 3847 628 3900 sed
645 3847 794 3900 introducit
810 3846 899 3900 oolam
916 3861 949 3899 ae
971 3845 1063 3912 defluit
1081 3845 1204 3912 multam,
1224 3862 1293 3914 quae
1310 3847 1438 3914 sequitur.
1454 3876 1486 3886 -

304 3934 349 4002 10)
368 3935 504 4002 ain-pert:
530 3949 577 3986 am
595 3940 633 3988 eet
648 3934 787 4002 particulo
801 3933 951 4002 privativo,
970 3934 1041 3987 sieut
1059 3949 1083 3988 a.
1102 3937 1153 3986 22.-
1171 3936 1316 3989 ancensto
1334 3955 1369 3982 =
1387 3935 1486 3989 iucen-

302 4039 365 4090 sue,·
383 4025 447 4093 pert
464 4044 499 4070 --
518 4029 602 4090 tram,
621 4030 652 4078 ut
669 4025 700 4077 tu
721 4025 799 4092 cippo
819 4023 906 4078 naeu.
924 4026 959 4077 33
977 4022 1026 4089 (E.
1038 4026 1066 4087 3)
1086 4023 1150 4091 pert.
1169 4021 1245 4075 viam
1262 4041 1297 4067 =
1314 4027 1391 4076 trous
1409 4023 1487 4076 oium.

304 4111 401 4180 Itaque
420 4113 530 4180 ampert
548 4132 582 4158 =
602 4127 657 4166 uon
675 4117 767 4179 tram,
792 4114 811 4166 ι’.
830 4128 851 4166 c.
870 4117 988 4178 eotenus,
1008 4110 1159 4177 dumtaxat,
1179 4109 1370 4164 tautummodo.
1393 4139 1423 4148 —
1445 4109 1489 4180 11)

307 4199 448 4255 Minstreis
468 4199 554 4254 oeteis
575 4199 631 4256 Ha.
649 4201 729 4254 uertit
747 4205 900 4254 meustouoe
918 4199 1024 4266 aetatis,
1043 4199 1060 4252 t.
1075 4214 1097 4254 e.
1115 4199 1246 4252 uuustom'
1261 4197 1352 4264 spatii.
1389 4196 1429 4250 At
1445 4195 1489 4250 m-

305 4293 363 4342 tera
388 4287 529 4342 educauit
554 4289 584 4342 iu
601 4288 679 4342 uerbo
705 4291 770 4356 μὴν,
794 4292 867 4355 μείς,
893 4286 1003 4349 mensis,
1024 4284 1134 4344 mesine.
1154 4300 1284 4350 menzne,·
1311 4283 1390 4337 uerba
1409 4282 1489 4346 mins,

308 4374 425 4429 minstro
443 4382 468 4430 et
486 4375 565 4439 mais,
594 4378 699 4430 mestru
719 4375 838 4443 (Umor.)
861 4375 987 4444 aequalia
1004 4380 1069 4428 suut
1086 4373 1172 4426 cerate
1189 4371 1300 4424 Latium
1318 4371 1418 4434 minus,
1439 4369 1489 4422 mi·
