3358 5244
546 1328 547 1332 .
677 1235 948 1322 llllPLlOAllt
991 1319 1031 1332 ..

610 1395 773 1455 srenueun
793 1395 833 1453 rr
852 1395 1017 1456 narseus.

255 1589 257 1598 ²
294 1577 414 1630 Litterae
431 1575 554 1630 corsicae
575 1575 606 1629 in
625 1577 705 1629 textu
727 1575 940 1647 inscriptionum
960 1575 1141 1645 distinguunt
1162 1591 1234 1644 quae
1253 1593 1270 1629 a
1289 1573 1403 1629 traditis

225 1665 275 1716 aut
294 1661 429 1718 differunt
449 1667 499 1717 aut
517 1663 635 1728 absunt,
660 1663 728 1717 item
749 1660 852 1716 Latina
872 1679 954 1716 versa
974 1679 988 1716 e
1008 1661 1139 1725 Graecis3
1167 1661 1196 1715 in
1212 1660 1403 1717 'adnotatione

225 1767 348 1820 eaquae
366 1755 433 1806 sunt
452 1751 576 1808 editoris.
657 1739 678 1768 '⁸'
860 1761 861 1768 ’

293 1838 389 1910 [Uncis
407 1838 567 1909 quadratis]
591 1839 807 1910 inscriptorum
834 1839 900 1895 loeis
920 1839 1135 1908 distinguuntur·
1159 1857 1177 1894 a
1196 1839 1311 1895 traditis
1330 1857 1402 1909 quae

225 1927 360 1982 differunt
385 1929 437 1981 aut
455 1927 651 1982 desiderantur
670 1928 777 1983 scilicet
795 1927 921 1998 potiora
952 1927 981 1980 in
1002 1929 1081 1982 textu
1099 1927 1327 1998 inscriptionum,
1355 1930 1402 1984 ubi

223 2016 290 2070 haec
314 2032 444 2085 expressa
471 2017 537 2069 sunt
562 2015 666 2071 litteris
692 2015 822 2082 cursivis,
851 2033 935 2070 uncos
963 2033 1008 2071 eos
1034 2017 1237 2087 supplementis
1264 2017 1402 2083 omnibus,

222 2102 466 2159 emendationibus
485 2104 581 2172 paucis
601 2103 791 2174 apposuimus.

221 2184 224 2188 ’
291 2190 387 2259 (Uncis
404 2189 542 2260 rotundis)
561 2189 589 2243 in
610 2193 691 2245 textu
710 2191 909 2260 comprehensa
928 2194 995 2245 sunt
1008 2191 1174 2261 compendia
1192 2192 1234 2246 ita
1247 2193 1351 2257 soluta,
1371 2193 1401 2247 in

224 2278 408 2334 adnotatione
428 2278 531 2332 Latina
551 2294 634 2332 versa
652 2297 667 2334 e
685 2279 805 2342 Graecis.

291 2363 412 2421 Lineolis
431 2365 574 2420 subductis
593 2366 768 2436 signavimus
787 2384 859 2436 quaa
879 2367 909 2421 in
929 2365 1046 2420 traditis
1066 2367 1188 2421 delenda
1208 2367 1347 2422 videntur.

292 2453 401 2509 Puncta
419 2498 424 2510 .
439 2495 445 2508 .
460 2495 486 2508 ..
506 2453 667 2524 significant
687 2455 772 2510 verba
791 2454 835 2510 vel
856 2455 967 2510 litteras
987 2454 1016 2508 in
1037 2453 1153 2508 traditis
1173 2459 1223 2508 aut
1236 2454 1331 2509 deesse
1350 2458 1400 2508 aut

222 2541 278 2610 legi
298 2559 353 2597 non
371 2559 451 2612 posse
469 2557 559 2611 neque
577 2543 647 2598 satis
666 2545 742 2599 certo
761 2561 840 2614 posse
858 2543 991 2613 suppleri.

292 2629 408 2686 Lineola
428 2661 458 2670 -
479 2631 620 2700 signifieat
638 2631 778 2702 quaedam
796 2647 830 2686 ex
849 2631 964 2685 traditis
983 2631 1086 2688 omissa
1105 2649 1171 2686 esse.

291 2717 407 2786 Signum
422 2739 468 2786 Ν
486 2719 517 2772 in
535 2721 616 2774 tortu
634 2719 848 2790 inscriptionum
865 2718 974 2774 indicat
993 2720 1022 2773 in
1041 2719 1194 2790 archetypo
1212 2721 1324 2790 partam
1338 2736 1398 2774 ver·

220 2823 265 2858 sus
286 2823 403 2860 vacuam
422 2823 487 2862 esso.

290 2892 407 2948 Numeri
423 2929 424 2932 =
439 2895 516 2950 uncis
551 2896 679 2952 rotundis
716 2895 816 2950 inclusi
843 2896 873 2950 iu
901 2899 981 2950 textu
1010 2895 1224 2966 inscriptionum
1253 2893 1399 2963 archetypi

206 2999 314 3037 uersus
332 2981 467 3038 indicant.

221 3157 271 3210 Ak.
290 3157 361 3212 Abh.
381 3177 417 3204 =
435 3156 630 3210 akademisohe
650 3155 892 3226 Abhandlungent

289 3243 361 3298 Berl.
373 3243 419 3300 ak.
431 3243 501 3298 Abh.
511 3265 547 3290 =
559 3243 628 3300 Abh.
641 3244 668 3298 (1,
679 3244 805 3298 Berliner
814 3245 905 3298 Akad.
918 3244 1123 3308 d.Wissensch.,
1136 3245 1284 3315 phil.·hist.
1295 3245 1398 3302 Classe.

289 3333 399 3387 Miinch.
420 3332 465 3388 alr.
485 3331 555 3387 sbh.
575 3355 610 3379 =
627 3333 700 3389 Abh.
719 3333 745 3386 d.
767 3333 877 3386 Miinoh.
897 3333 949 3387 Ar.
968 3333 994 3386 d.
1016 3333 1069 3396 W„
1087 3332 1302 3404 philos-philol.
1322 3334 1363 3388 01.

218 3420 323 3474 Annali
341 3441 376 3468 =
394 3419 491 3475 annali
510 3417 578 3474 dcll’
598 3419 730 3474 instituto
749 3419 779 3473 di
796 3419 1033 3490 corrispondeusa
1053 3420 1257 3490 archsologiea.

218 3505 280 3560 Ber.
298 3527 333 3553 =
354 3507 496 3562 Berichte:

287 3593 359 3649 Berl.
379 3593 439 3648 Ber.
459 3615 493 3640 =
512 3595 681 3650 Monatsber.
700 3595 727 3649 d.
748 3595 819 3651 Berl.
840 3596 929 3652 Akad.
949 3597 976 3652 d.
996 3595 1163 3653 Wissansoh.

288 3681 380 3751 Leipz.
398 3681 458 3736 Ber.
477 3703 512 3728 =
531 3683 590 3738 Ber.
611 3681 823 3738 nuntiandi.
842 3684 871 3739 d.
885 3683 976 3741 Stchs.
992 3685 1053 3740 Ges.
1073 3683 1100 3738 d.
1114 3683 1167 3750 W„
1189 3683 1341 3755 phil.·hist.
1352 3685 1393 3740 (11.

287 3767 379 3823 Wien.
397 3769 459 3825 Ber.
477 3791 513 3817 =
531 3768 721 3840 Sitzungsber.
740 3770 767 3826 d.
787 3771 900 3827 Wiener
920 3772 970 3826 Ak.
992 3772 1018 3827 d.
1038 3772 1082 3827 W.

217 3855 248 3916 0.
261 3857 281 3915 l.
294 3857 324 3916 1..
337 3880 369 3906 =
382 3856 488 3928 Corpus
501 3859 715 3928 inscriptionum
728 3858 895 3914 Latinarum
907 3861 1022 3917 consilio
1035 3861 1113 3918 acad.
1129 3861 1215 3916 litter.
1231 3861 1338 3918 Boruss.
1352 3864 1397 3919 etl.

217 3945 296 4001 Grut.
316 3967 351 3993 =
369 3945 483 4001 Gruteri
502 3947 649 4001 thesaurus
667 3947 748 4002 inser.
769 3948 810 4004 ed.
831 3949 851 4002 Ι.
873 3950 951 4013 1602,
971 3949 1015 4006 ed.
1036 3949 1070 4004 ll.
1092 3951 1168 4005 1707.

218 4033 333 4098 floenel,
352 4033 456 4103 Corpus
475 4033 570 4104 legum
590 4035 627 4088 ab
645 4035 712 4109 imp.
730 4035 810 4092 Rom.
830 4040 897 4092 ante
916 4038 1015 4094 lustin.
1034 4038 1168 4093 latarum.
1190 4039 1267 4094 1857.

216 4121 308 4176 Haub.
327 4142 362 4168 =
380 4119 526 4186 Haubold,
552 4121 735 4190 antiquitatis
755 4123 834 4180 Rom.
855 4127 1039 4180 monumenta
1057 4123 1173 4194 legalia,
1192 4125 1235 4180 ed.
1254 4125 1398 4194 Spargen-

284 4209 360 4279 berg.
390 4209 466 4266 1830.

215 4293 338 4360 Hermes,
357 4295 488 4352 Zeitschr.
508 4297 527 4351 f.
547 4299 632 4356 klass.
650 4299 817 4372 Philologie‚
836 4302 902 4357 inde
921 4303 958 4358 ab
977 4322 1001 4358 a.
1025 4304 1104 4360 1866.

215 4382 266 4437 Hu.
285 4403 321 4430 =
341 4384 476 4441 Huschke.

213 4470 309 4529 Jahrb.
327 4493 364 4520 =
381 4474 524 4531 Jahrbueh
542 4475 569 4530 d.
588 4493 660 4548 gem.
679 4478 755 4534 deut.
774 4479 806 4532 lt.
826 4479 868 4533 ad.
889 4479 997 4534 Bekkcr
1015 4482 1043 4534 et
1064 4479 1182 4534 Muther.
1206 4479 1391 4538 1857-1863.
