3400 5250
222 981 276 1014 Ut.

226 1025 275 1058 ¹²1⁹!

220 1086 274 1124 Ut.

222 1133 265 1163 Re

221 1933 245 1967 U.
257 1935 275 1968 4.

222 1981 243 2012 P.
258 1980 273 2010 8.

217 2459 270 2500 nr,

218 2503 240 2538 r.
253 2507 268 2537 a.

219 2879 243 2912 U.
256 2883 272 2918 5,

220 2924 241 2956 P.
255 2926 272 2956 4.

301 391 365 457 204
739 388 839 444 Edicta
856 391 1028 458 praetorum.

302 567 388 649 prius
412 567 540 631 domum
564 566 746 631 denuntiari
768 565 894 630 iubeam
918 615 1003 632 ....
1027 564 1065 630 In
1090 590 1162 632 eum
1186 569 1241 652 qui
1264 570 1344 653 quid
1360 591 1484 645 eorum,

301 693 382 756 quae
404 691 501 756 supra
524 671 644 755 scripta
666 675 750 749 sunt,
775 693 839 734 non
864 671 1031 748 curaverit,
1058 673 1169 756 quanti
1194 695 1230 736 ea
1244 693 1295 736 res
1311 677 1368 751 eat,
1394 674 1482 738 euius

292 777 408 843 damni
431 775 542 842 infecti
566 775 695 840 nomine
718 780 845 840 cautum
870 799 932 840 uon
958 778 1029 856 erit,
1053 777 1204 842 iudicium
1230 777 1336 862 (doto)
1346 777 1365 840 ¹.

388 881 416 946 d.
453 880 500 946 De
525 879 699 968 fugitivis².

387 1009 412 1050 e.
449 985 500 1051 De
521 986 701 1050 vadimonio
725 985 863 1052 Romam
884 985 1056 1066 faciebam.

385 1092 415 1154 2.
451 1089 501 1155 De
522 1092 592 1154 albo
616 1092 791 1173 eorropt0⁴.

400 1197 430 1260 3.
467 1197 558 1274 Quod
583 1197 719 1281 quisque
741 1197 819 1262 iuris
843 1197 876 1260 in
898 1198 1035 1261 alterum
1051 1197 1211 1274 statuerit,
1232 1201 1271 1260 ut
1285 1198 1358 1280 ipae
1373 1200 1482 1264 eodem

299 1303 368 1368 iure
391 1301 527 1366 utatur⁵.
574 1301 635 1377 Qui
659 1303 883 1386 magistratum
917 1305 1148 1384 potestatemve
1171 1300 1321 1380 habebit,
1354 1303 1481 1388 siquid

299 1407 333 1470 in
357 1407 495 1491 aliquem
526 1406 601 1470 novi
624 1406 703 1470 iuris
727 1405 879 1470 statuerit
902 1405 965 1469 sive
988 1405 1059 1488 quis
1083 1406 1166 1489 apud
1191 1427 1273 1485 eum,
1302 1407 1356 1491 qui
1378 1409 1482 1493 magi·

300 1516 437 1577 stratum
449 1517 680 1596 potestatemve
696 1511 839 1588 habebit,
857 1511 977 1594 aliquid
989 1511 1065 1574 novi
1084 1510 1162 1575 iuris
1175 1511 1361 1591 obtinuerit,
1378 1534 1480 1598 quan-

299 1617 402 1702 doque
434 1623 545 1702 postea
578 1617 760 1684 adversario
784 1616 851 1681 eius
875 1616 1060 1700 postulante
1082 1616 1187 1700 ipsum
1210 1617 1319 1682 eodem
1342 1616 1411 1682 iure
1434 1619 1482 1682 uti

299 1723 486 1804 oportebit⁶,
510 1727 734 1807 praeterquam
761 1721 882 1805 siquis
906 1743 1014 1784 eorum
1038 1722 1115 1801 qaid
1137 1725 1249 1786 eontra
1271 1743 1344 1786 eum
1360 1721 1480 1801 feeerit,

301 1826 356 1909 qui
378 1829 445 1910 ipse
468 1849 577 1892 eorum
602 1827 676 1911 quid
702 1825 857 1890 fecisset⁷.

384 1929 424 1996 ΙΙ.
462 1929 519 1995 De
542 1931 711 1995 edendo.
747 1978 905 1994 .......
921 1927 945 1992 ⁸.
982 1929 1194 2012 Argentariae
1218 1951 1345 1994 mensae
1360 1931 1479 1995 exerci-

298 2041 382 2100 tores
412 2037 449 2116 oi,
481 2038 535 2118 qui
565 2037 716 2100 iuraverit
745 2056 809 2098 uon
839 2035 1015 2099 calumniae
1044 2055 1141 2098 causo
1160 2035 1325 2115 postulare
1347 2034 1396 2098 edi
1418 2035 1480 2098 eibi

298 2141 454 2206 rationem
478 2164 559 2226 quae
583 2141 623 2206 ad
646 2163 678 2205 se
702 2140 854 2223 pertinet,
879 2139 973 2204 edent
989 2139 1112 2202 adiecto
1128 2139 1178 2202 die
1194 2144 1226 2202 et
1242 2137 1389 2204 eonsule⁹
1399 2189 1480 2205 .....

299 2247 493 2332 Argentario
525 2249 610 2328 eive,
643 2248 697 2331 qui
726 2247 841 2310 iterum
874 2245 924 2308 edi
948 2243 1135 2327 postulabit,
1160 2265 1255 2307 causa
1278 2244 1407 2328 cognita
1431 2245 1480 2309 edi

296 2354 456 2418 iubebo¹⁰.

381 2457 437 2525 III.
477 2458 535 2524 De
558 2461 694 2544 pactis
718 2465 758 2523 et
782 2456 1167 2524 conventionibus,
1193 2454 1477 2532 Paetaconventa,

295 2587 375 2648 quae
398 2587 500 2649 neque
523 2565 595 2629 dolo
620 2565 703 2630 malo
726 2587 828 2649 neque
851 2563 1000 2627 adversus
1023 2561 1110 2648 leges
1127 2561 1177 2644 ple
1188 2561 1234 2624 bis
1251 2560 1330 2625 scita
1347 2565 1479 2626 senatus

296 2669 441 2734 consulta
472 2671 575 2734 edicta
605 2671 724 2736 decreto
754 2669 933 2756 principum
966 2689 1069 2750 neque
1091 2689 1154 2751 quo
1182 2666 1270 2730 fraus
1293 2667 1344 2732 oui
1367 2689 1479 2730 eorum

296 2774 353 2838 tiat
375 2773 460 2838 faeta
484 2782 589 2852 erunt,
613 2773 791 2838 servabo¹¹.

383 2876 438 2942 IV.
476 2878 688 2942 Deinius
721 2875 958 2943 voeand0¹⁸.
1006 2879 1033 2940 1.
1069 2875 1179 2940 Inius
1204 2877 1318 2952 vocati,
1343 2881 1380 2938 ut
1405 2881 1479 2939 eant

295 2988 351 3046 aut
374 2983 524 3047 vindicem
547 2983 668 3048 dent¹³.

382 3087 411 3152 2.
445 3087 624 3167 Parentem,
648 3095 820 3173 patronum
845 3098 1024 3178 patronam,
1049 3091 1165 3154 liberos
1182 3094 1329 3172 parentes
1347 3090 1478 3172 patroni

294 3197 447 3276 patronae
471 3193 503 3256 in
528 3194 577 3257 ius
600 3195 668 3259 sine
693 3197 849 3279 permissu
872 3221 943 3262 meo
966 3220 1006 3262 ne
1030 3197 1101 3281 quis
1125 3193 1259 3258 voeet¹⁴.

382 3297 411 3362 3.
443 3347 605 3365 .......
631 3299 752 3385 Siquis
770 3307 946 3386 parentem,
971 3307 1143 3386 patronum
1159 3305 1338 3384 patronam,
1356 3299 1474 3364 liberos

294 3408 350 3467 aut
373 3409 519 3487 parentes
543 3407 671 3489 patroni
696 3414 859 3492 patronae,
895 3410 1053 3474 liberosve
1076 3429 1150 3472 suos
1173 3427 1293 3482 eumve,
1327 3425 1421 3488 quem
1444 3405 1476 3467 in

293 3513 451 3592 potestate
474 3510 615 3590 habebit,
639 3513 690 3577 vel
707 3536 846 3594 uxorem,
873 3514 921 3579 vel
938 3536 1054 3578 nurum
1078 3514 1111 3576 in
1127 3510 1212 3576 ios¹⁶
1229 3509 1371 3592 vocabit:
1395 3531 1475 3592 qua·
1506 3593 1509 3599 Ι

292 3613 468 3698 limumque
491 3616 638 3681 oindoa¹⁶
662 3619 880 3703 accipiatur¹⁷.

365 3856 392 3926 1)
409 3856 447 3910 D.
466 3860 637 3924 enarrer.
657 3887 691 3896 -
709 3859 737 3925 a)
758 3858 793 3912 n.
812 3861 980 3925 mara-o.
1002 3888 1033 3898 -
1052 3860 1079 3928 3)
1100 3859 1136 3913 D.
1156 3861 1476 3926 2,11,1;50,16,3pr.-

292 3943 376 4004 411).
395 3947 465 4009 2,1,7
479 3961 523 4012 pr.
542 3975 576 3982 -
594 3944 622 4012 5)
642 3944 726 4013 Bubr.
747 3943 783 3996 D.
803 3947 854 4010 2,2.
875 3974 910 3984 -
929 3946 955 4011 6)
974 3944 1011 3999 D.
1025 3948 1129 4013 50,16,o
1143 3963 1188 4014 pr.
1208 3975 1239 3986 -
1261 3946 1287 4012 7)
1306 3945 1343 3998 D.
1365 3947 1478 4012 2,2,1,1,·

292 4035 316 4083 4.
344 4031 381 4084 Ε.
404 4033 433 4086 P.
449 4050 478 4100 p.
497 4036 538 4085 47.
567 4063 600 4074 -
627 4033 654 4101 8)
673 4032 709 4084 D.
735 4033 764 4086 P.
778 4049 808 4100 p.
826 4035 869 4084 48.
900 4063 932 4070 -
958 4035 985 4100 9)
1004 4033 1042 4090 D.
1060 4037 1147 4102 2,13,4
1162 4050 1205 4100 pr.
1224 4034 1267 4086 iet.
1288 4035 1348 4098 6,2;
1371 4034 1421 4098 9,3.
1442 4061 1476 4071 —

295 4117 337 4188 10)
356 4119 393 4172 D.
413 4121 532 4186 2,13‚6,8.
550 4149 584 4158 —
605 4121 648 4188 ll)
668 4120 706 4172 D.
724 4123 846 4186 2,14‚7,7.
866 4151 900 4158 -
922 4121 964 4190 12)
984 4121 1069 4174 Rubr.
1091 4123 1128 4176 D.
1149 4125 1201 4186 2,4.
1222 4149 1253 4160 -
1277 4122 1319 4183 13)
1338 4119 1423 4173 Robr.
1438 4120 1474 4173 D.

291 4209 351 4268 2,6.·
369 4205 407 4258 ‘in
424 4207 468 4260 iua
487 4206 581 4260 vocati
600 4209 633 4259 ut
651 4209 720 4260 eant
739 4209 790 4260 aut
808 4209 879 4259 satie
899 4207 944 4260 vel
963 4210 1078 4261 cautum
1098 4207 1183 4262 dent'.
1225 4207 1266 4276 Of.
1288 4207 1350 4262 Gai.
1370 4207 1422 4260 IV.
1433 4211 1475 4262 46.
1590 4247 1595 4256 .

293 4323 326 4332 -
348 4294 390 4362 14)
409 4294 446 4346 D.
465 4297 569 4360 2,4,4,1.
605 4293 764 4348 Formatam
782 4295 845 4348 huic
863 4295 947 4350 edicto
967 4295 1098 4349 odierium
1115 4297 1199 4362 refert
1225 4293 1285 4348 Grai.
1307 4295 1421 4362 11ς46.
1443 4325 1473 4336 —

293 4382 337 4450 15)
357 4381 437 4448 Dia:
459 4379 602 4434 iudicium.
625 4411 653 4422 ·—
675 4383 719 4450 16)
738 4383 820 4451 Dra:
838 4382 983 4438 fideiussor
1001 4383 1104 4438 iudicio
1124 4381 1241 4436 sistendi
1261 4398 1354 4436 eausa.
1374 4381 1409 4422 “-
1431 4385 1475 4450 17)

292 4469 330 4523 o.
349 4471 458 4534 2,o,e‚2.
1008 4499 1011 4503 -
