3400 5254
312 396 353 460 50
584 438 586 442 .
727 390 805 451 Cato,
825 389 860 443 de
878 387 941 458 agri
961 389 1080 444 culture.

400 569 429 632 9.
468 568 514 632 De
537 567 637 631 fundo
660 567 749 650 ligna
772 569 804 628 et
819 565 921 629 oleam
937 564 992 629 ue'
1009 567 1185 649 deportato.
1216 567 1271 650 qui
1288 567 1390 631 oleam
1404 567 1492 650 lege-

311 667 364 754 rit.
387 675 441 759 qui
458 673 644 757 deportarit,
668 673 701 735 in
726 671 869 755 singulas
893 670 1127 754 deportationes
1150 694 1277 736 saun
1300 672 1493 736 deducentur

311 801 413 864 neque
435 779 467 842 id
491 775 669 842 debebitur.

259 887 279 950 4
403 886 452 948 10.
493 881 628 946 Omnem
652 883 753 946 oleam
776 904 889 964 puram
911 881 1061 945 metietur
1084 882 1188 945 modio
1211 881 1338 944 oleario

401 991 451 1054 11.
487 989 645 1053 Adsiduos
669 985 813 1050 homines
837 986 857 1048 u
876 986 1036 1068 praebeto

402 1095 452 1158 12.
488 1093 576 1156 Duas
598 1097 706 1175 partes
729 1091 914 1155 stricturum
938 1091 1097 1174 praebeto,

400 1197 452 1263 13.
487 1195 537 1262 Ne
561 1197 632 1280 quis
647 1193 825 1271 concedat²‚
846 1215 908 1278 quo
926 1195 996 1258 olea
1012 1195 1149 1279 legundo
1165 1199 1197 1259 et
1208 1195 1371 1259 faciunda⁸
1390 1197 1494 1261 carius

312 1304 444 1378 locetur,
476 1305 565 1366 extra
598 1323 693 1384 quam
725 1299 751 1362 si
779 1321 872 1382 quem
903 1301 1023 1363 socium
1053 1299 1340 1383 inpraesentiarum
1368 1301 1493 1368 dixerit.

260 1412 280 1474 5
312 1411 339 1472 si
363 1409 434 1492 quis
453 1410 620 1471 adversum
637 1429 673 1470 ea
696 1405 815 1482 fecerit,
840 1405 867 1467 si
890 1405 1036 1468 dominus
1052 1409 1108 1468 aut
1123 1409 1228 1468 custos
1245 1406 1362 1484 volent,
1387 1407 1495 1470 iurent

313 1537 420 1579 omnes
445 1513 531 1578 socii.
571 1513 598 1574 si
620 1533 685 1574 non
701 1511 747 1574 ita
770 1509 960 1587 iuraverint,
994 1531 1052 1592 pro
1075 1532 1112 1573 ea
1135 1509 1204 1573 olea
1227 1510 1366 1594 legunda
1388 1511 1494 1599 etfa-

313 1621 428 1684 ciunda
451 1640 543 1682 nemo
567 1615 656 1680 dabit
682 1637 784 1698 neque
808 1613 975 1678 debebitur
998 1615 1026 1678 ei
1050 1615 1191 1697 quinon
1216 1615 1376 1678 iuraverit.

404 1735 453 1796 14.
491 1731 711 1796 Accessiones:
745 1729 778 1791 in
803 1710 883 1789 doc
910 1750 942 1790 cc
965 1728 1084 1790 accedit
1106 1727 1193 1791 oleae
1216 1729 1317 1792 salsae
1340 1712 1409 1807 iri,
1433 1729 1496 1794 olei

199 1869 213 1884 w
313 1838 386 1921 puri
409 1861 434 1902 P.
452 1859 523 1913 unu,
548 1837 581 1898 in
598 1838 667 1898 tota
692 1833 838 1898 oleitate⁴
862 1856 901 1896 ss
918 1855 945 1910 v,
969 1832 1049 1896 aceti
1072 1831 1323 1916 q(uadrantalia)
1347 1855 1374 1898 u.
1410 1835 1494 1916 quod

314 1941 401 2006 oleae
416 1939 518 2006 salsae
536 1961 600 2002 non
618 1937 822 2022 acceperiut⁶‚
846 1939 921 2002 dum
938 1935 1039 2001 oleam
1055 1938 1173 2022 legent,
1197 1939 1230 2000 iu
1248 1939 1369 2002 modios
1386 1939 1491 2023 singu-

313 2048 361 2111 los
384 2070 423 2113 ss.
441 2067 465 2110 s.
481 2069 504 2108 s.
522 2045 702 2112 dabuntur.
1504 2031 1508 2038 ’

208 2157 304 2215 CXLV
404 2151 431 2214 1.
468 2147 593 2212 ⁰01eam
618 2148 797 2212 faciundam
823 2147 883 2210 hac
906 2147 976 2230 lege
1000 2150 1127 2229 oportet
1148 2147 1261 2212 locare.

402 2257 431 2319 2.
467 2254 578 2318 Facito
601 2257 685 2318 recte
708 2253 867 2316 arbitratu
890 2252 1010 2316 domini
1039 2256 1095 2315 aut
1117 2253 1270 2328 custodis,
1305 2251 1361 2336 qui
1384 2251 1417 2313 id
1439 2273 1495 2314 ne-

314 2360 440 2446 gotium
463 2359 598 2423 curabit.
634 2359 661 2422 si
686 2381 740 2423 sex
762 2358 847 2442 iugis
871 2347 972 2422 rasis⁷
996 2380 1075 2440 opus
1099 2357 1168 2435 erit,
1192 2357 1300 2421 facito.

265 2544 272 2557 ο
402 2467 432 2530 3.
472 2463 627 2530 Homines
651 2487 704 2528 eos
731 2464 816 2540 dato,
840 2463 895 2546 qui
918 2463 1089 2546 placebunt
1112 2467 1168 2526 aut
1191 2462 1313 2526 custodi
1336 2464 1392 2524 aut
1407 2457 1498 2543 quis8

315 2591 383 2634 eam
408 2569 510 2632 oleam
536 2569 655 2632 emerit.

402 2678 431 2737 4.
456 2671 622 2755 Trapetis⁹
650 2671 766 2735 facito:

402 2781 431 2842 5.
469 2777 503 2842 Si
537 2777 713 2860 operarii¹⁰
745 2775 891 2840 conducti
917 2779 1012 2840 erunt
1039 2780 1095 2840 aut
1121 2775 1266 2840 facienda
1294 2775 1397 2839 locata
1424 2775 1495 2850 erit,

315 2906 372 2966 pro
400 2905 437 2947 eo
463 2882 623 2958 resolvite,
648 2887 703 2946 aut
733 2883 913 2946 deducetur.

262 2990 282 3052 2
402 2990 430 3052 6.
468 2985 581 3050 Oleum
608 3009 648 3050 ne
674 2987 800 3070 tangito
823 2987 933 3050 utendi
967 3007 1062 3050 causa
1095 3007 1197 3069 neque
1232 2985 1360 3049 furandi
1392 3007 1496 3060 causa,

314 3093 377 3156 nisi
400 3093 485 3176 quod
507 3095 614 3156 custos
638 3091 760 3154 dederit
784 3094 841 3154 aut
864 3090 1020 3155 dominus.
1054 3092 1277 3174 sisumpserit,
1302 3089 1335 3153 in
1352 3091 1496 3174 singulas

313 3198 510 3282 sumptiones
534 3221 573 3261 ss
599 3220 626 3261 u.
650 3220 686 3260 xn
710 3197 904 3260 deducentur
926 3218 1027 3279 neque
1050 3195 1226 3259 debebitur.

403 3303 431 3366 7.
467 3300 628 3378 Factores
653 3299 709 3388 qui
731 3301 836 3364 oleum
859 3299 1002 3376 fecerint,
1027 3320 1135 3362 omnes
1150 3300 1285 3364 iurante
1309 3304 1365 3362 aut
1385 3299 1423 3362 ad
1440 3299 1497 3364 do-

314 3405 437 3470 miuum
461 3407 577 3470 autad
599 3409 761 3470 custodem
784 3428 851 3470 sese
874 3406 912 3470 de
934 3403 1033 3468 fundo
1056 3405 1090 3470 L.
1115 3403 1249 3468 Manli¹¹
1273 3427 1375 3488 neque
1398 3405 1498 3468 alium

262 3510 281 3572 3
313 3533 505 3594 quemquam
528 3533 584 3574 suo
608 3511 680 3575 dolo
704 3511 789 3575 malo
812 3511 917 3576 oleum
947 3532 1049 3593 neque
1071 3510 1172 3574 oleam
1197 3509 1411 3593 subripuisse.
1441 3508 1499 3592 qui

314 3637 424 3680 eorum
445 3637 509 3678 non
532 3616 579 3678 ita
601 3615 770 3695 iuraverit,
804 3638 885 3700 quae
914 3617 981 3680 eius
1003 3638 1077 3698 pars
1101 3617 1177 3693 erit,
1209 3637 1300 3678 omne
1324 3615 1497 3678 deducetur

315 3742 417 3804 neque
440 3717 617 3784 debebitur.

387 3946 413 4015 l)
434 3946 479 4014 ne]
498 3947 569 4013 deta,
589 3962 645 3999 non
668 3944 695 3998 O.
716 3976 749 3982 —
769 3946 797 4012 2)
815 3945 845 3997 c'd
862 3950 899 3998 est
917 3945 1013 4012 opinor
1032 3946 1147 4014 nequis
1166 3944 1319 4001 conductor
1337 3943 1499 4014 paciscatur

217 4024 222 4032 ’
315 4051 376 4088 cum
397 4033 463 4097 alio,
481 4032 736 4088 utcconducendo
757 4031 908 4086 abstineat.
930 4063 961 4072 -
980 4033 1008 4102 3)
1026 4033 1155 4088 facienda
1177 4032 1205 4086 Ca
1235 4061 1269 4071 -
1296 4033 1323 4102 4)
1343 4032 1448 4087 oletate
1470 4029 1499 4085 0.

316 4152 348 4160 -
369 4124 396 4188 5)
414 4127 463 4174 out
482 4119 639 4188 acceperint
669 4126 717 4173 out
736 4121 904 4188 acceperunt
923 4137 944 4173 c.
964 4151 998 4159 -
1017 4122 1045 4188 6)
1064 4119 1165 4174 eninr
1186 4119 1240 4174 Lex
1253 4120 1331 4175 oleae
1349 4117 1501 4172 faciundae

315 4209 395 4262 iodea
416 4207 444 4262 O.
464 4239 497 4247 -
516 4211 543 4276 7)
558 4207 681 4276 fortasse
698 4224 749 4261 scr.
768 4221 815 4260 sex
833 4205 907 4274 iugis
926 4209 1001 4260 vasis
1019 4207 1043 4260 si
1061 4225 1130 4278 opus
1151 4207 1224 4272 erit;
1246 4209 1312 4263 Ouio
1331 4225 1352 4261 c.
1372 4209 1407 4260 10
1426 4207 1500 4259 iuter

313 4299 490 4350 instrumenta
510 4297 573 4349 oleti
591 4302 707 4350 recenset
726 4312 795 4349 vasa
816 4293 923 4348 olearia
941 4293 1083 4348 instructa
1100 4295 1169 4362 iuga
1187 4295 1318 4364 quinque.
1344 4325 1377 4332 -
1403 4293 1430 4362 8)
1448 4293 1499 4362 qni

313 4382 370 4435 edd.
399 4413 432 4422 -
459 4382 486 4452 9)
511 4381 632 4452 trapetis
656 4383 760 4449 scripsi,
786 4381 892 4449 trapeti
914 4380 941 4434 O.
962 4413 994 4420 —
1017 4384 1059 4452 10)
1073 4383 1192 4450 fortusse
1210 4385 1261 4437 ius.
1292 4382 1448 4438 nonerunt
1468 4397 1502 4438 oo

315 4487 430 4525 numero
449 4471 485 4524 ad
504 4487 595 4538 quem.
617 4502 647 4509 -
672 4471 713 4540 ll)
732 4467 844 4523 manilii
866 4469 893 4523 0.
