3400 5254
724 408 851 465 lsido'rus.
1329 415 1371 479 83

190 585 369 651 racteribus
391 581 504 649 notent
527 588 559 647 et
582 584 622 646 ad
646 583 794 646 notitiam
819 585 993 667 legentium
1018 592 1179 661 revocent,
1214 611 1292 671 quas
1317 592 1371 674 qui

196 693 375 755 didicerunt
398 689 525 774 proprie
547 689 611 752 iam
635 688 752 752 notarii
775 688 1005 778 appellantur¹.

191 923 326 966 suorum
350 905 445 964 notae
469 903 554 982 sunt,
579 921 641 982 quo
665 901 796 983 scriptio
819 898 929 962 celeris
946 901 1135 985 breviorque
1150 902 1216 967 fiat.
1249 903 1373 970 Scribe-

196 1007 276 1071 bant
299 1011 406 1070 autem
428 1004 516 1069 verbi
540 1007 646 1088 gratia
670 1028 725 1088 per
750 1003 777 1068 B
802 1008 833 1068 et
856 1003 881 1067 F
905 1005 1034 1069 ‘bonum
1059 1006 1200 1085 factum',
1225 1009 1318 1092 perS
1341 1016 1373 1075 et

193 1111 220 1176 O
246 1115 384 1174 ‘senatus
408 1109 611 1188 consultum',
644 1133 699 1194 per
731 1109 760 1172 R
792 1115 823 1172 et
847 1109 872 1172 P
900 1115 960 1173 ‘res
983 1111 1130 1193 publica',
1163 1135 1218 1196 per
1242 1113 1268 1177 P
1290 1114 1373 1178 etlt

194 1217 344 1300 ‘populus
368 1215 552 1292 Romanus',
579 1238 634 1298 per
658 1214 687 1277 D
711 1215 785 1278 etT
810 1216 1007 1288 dumtaxat,
1030 1239 1086 1298 per
1102 1217 1247 1300 supinam
1268 1235 1294 1288 n
1318 1219 1373 1283 lit·

197 1327 297 1388 teram
324 1321 467 1396 ‘mulier',
492 1342 549 1402 per
565 1309 783 1384 Psecundum
800 1324 949 1383 naturam
966 1319 1136 1402 pupillus,
1153 1344 1209 1404 per
1224 1321 1250 1385 P
1265 1347 1373 1389 averso

192 1429 301 1512 capite
325 1427 478 1510 ‘pupilla',
509 1447 685 1509 perunum
714 1423 740 1486 K
765 1425 894 1507 ‘kaput',
927 1426 1068 1507 perduc
1092 1425 1153 1489 KK
1176 1428 1284 1492 iuncta
1308 1430 1373 1493 ‘ka-

197 1533 336 1597 lumniae
367 1531 489 1608 kausa',
522 1553 578 1612 per
607 1529 623 1593 I
653 1529 735 1593 etE
769 1529 872 1594 ‘iudex
897 1533 984 1608 esto',
1015 1552 1070 1613 per
1093 1531 1122 1594 D
1145 1537 1177 1595 et
1199 1531 1233 1595 M
1258 1534 1374 1597 ‘dolum
1462 1544 1463 1548 ’

196 1635 353 1702 malum’2.
401 1638 430 1699 2.
466 1635 562 1699 Cuius
586 1636 710 1721 generis
735 1635 892 1718 plurimae
908 1635 1089 1700 consimiles
1112 1639 1206 1701 notae
1229 1639 1262 1701 in
1285 1639 1375 1702 libris

200 1743 342 1826 antiquis
365 1743 581 1806 inveniuntur.
628 1739 696 1803 Has
719 1741 798 1803 iuris
821 1735 914 1804 notas
935 1741 1051 1804 novicii
1067 1741 1273 1823 imperatores
1289 1765 1308 1806 a
1323 1765 1376 1806 co-

196 1849 322 1912 dicibus
345 1849 454 1932 legum
478 1845 648 1910 abolendas
673 1849 856 1922 sanxerunt,
882 1846 957 1928 quia
982 1846 1099 1908 multos
1117 1869 1173 1928 per
1188 1847 1246 1910 has
1270 1849 1376 1913 callidi

200 1952 331 2036 ingenio
362 1953 545 2035 ignorantes
578 1949 794 2032 decipiebant,
826 1953 922 2032 etque
944 1950 991 2012 ita
1013 1949 1172 2014 iusserunt
1195 1952 1376 2017 scribendas

198 2059 234 2120 in
256 2057 382 2141 legibus
405 2055 539 2132 litterae,
571 2059 608 2118 ut
632 2055 736 2118 nullos
761 2076 896 2131 errores,
930 2054 1034 2117 nullas
1058 2057 1207 2140 ambages
1231 2057 1375 2133 afferant,

196 2163 253 2226 sed
277 2163 437 2246 sequenda
460 2167 492 2224 et
518 2161 646 2225 vitanda
671 2165 779 2242 aperte
803 2160 1029 2222 demonstrent.

287 2267 316 2330 V
343 2269 370 2343 l,
396 2268 425 2343 5,
471 2265 571 2349 Leges
593 2303 637 2311 —
661 2265 804 2349 redigere
834 2265 867 2327 in
890 2265 981 2328 libris
1004 2265 1126 2347 primus
1149 2269 1258 2331 consul
1282 2268 1375 2332 Pom-

199 2372 290 2455 peius
310 2372 478 2435 instituere
493 2370 606 2449 voluit,
623 2371 675 2433 sed
693 2392 754 2433 uon
772 2371 997 2452 perseveravit,
1014 2371 1264 2434 obtrectatorum
1281 2377 1377 2437 metu.

204 2477 324 2541 Deinde
348 2475 462 2540 Caesar
486 2477 589 2558 coepit
612 2475 645 2539 id
668 2475 782 2552 facere,
807 2477 859 2538 sed
884 2480 958 2538 ante
981 2475 1166 2540 interfectus
1190 2483 1247 2541 est.

288 2581 371 2662 Vn,
397 2584 426 2646 2.
473 2579 550 2644 Fas
573 2581 624 2644 lex
648 2581 756 2644 divina
780 2585 836 2658 est,
868 2581 936 2644 ius
959 2582 1010 2644 lex
1033 2581 1182 2646 humana.
1229 2582 1379 2646 Transire

201 2686 818 2770 mfflmfflmmwm

290 2789 320 2853 V
344 2791 373 2868 3,
397 2793 427 2855 2.
473 2791 555 2855 Lex
579 2796 628 2854 est
651 2791 840 2854 constitutio
863 2789 991 2872 scripta.
1037 2788 1124 2854 Mos
1148 2795 1196 2854 est
1222 2795 1379 2856 vetustate

202 2897 337 2978 probata
361 2897 565 2972 consuetudo,
589 2896 656 2959 sive
678 2895 729 2959 lex
754 2918 816 2960 non
842 2896 970 2979 scripta.
1017 2895 1046 2958 3.
1071 2895 1141 2959 Mos
1161 2901 1266 2960 autem
1283 2897 1380 2982 longa
1439 2977 1440 2980 Ἴ

199 3002 397 3067 consuetudo
429 3006 477 3064 est
500 3002 538 3064 de
561 3002 702 3065 moribus
734 3006 838 3064 tracta
861 3002 1059 3064 tantundem.
1106 2999 1380 3065 Consuetudo

202 3111 312 3170 autem
335 3106 454 3169 estius
478 3105 635 3188 quoddam
662 3105 805 3168 moribus
828 3105 1026 3177 institutum,
1053 3107 1136 3187 quod
1153 3128 1209 3188 pro
1226 3107 1295 3190 lege
1311 3129 1381 3170 sus-

200 3211 331 3294 cipitur,
355 3233 426 3274 cum
450 3209 559 3274 deficit
582 3211 648 3284 lex3
673 3230 730 3272 nec
754 3209 870 3284 differt,
895 3208 1053 3291 scriptura
1077 3231 1116 3272 an
1133 3211 1255 3272 ratione
1279 3213 1379 3275 consi-

204 3320 278 3393 stat,
303 3317 429 3399 quando
453 3319 485 3378 et
508 3315 611 3398 legem
635 3314 720 3377 ratio
744 3314 951 3376 commendat.

291 3419 401 3498 val,
426 3421 454 3482 5.
502 3417 823 3481 Testamentum
859 3417 938 3480 iuris
973 3417 1075 3480 civilis
1109 3421 1157 3481 est
1186 3417 1217 3480 V
1250 3421 1379 3484 testium

200 3524 436 3607 subscriptione
458 3520 630 3586 firmatum.
675 3524 704 3586 6.
731 3522 970 3586 Testamentum
995 3521 1072 3586 iuris
1088 3525 1240 3606 praetorii
1256 3529 1303 3588 est
1319 3525 1380 3589 Vll

204 3629 334 3691 testium
365 3629 466 3712 signis
496 3627 677 3712 signatum3
710 3627 763 3690 sed
786 3625 866 3688 illud
891 3627 974 3708 apud
999 3626 1081 3689 cives
1105 3626 1152 3703 fit,
1183 3627 1257 3692 inde
1279 3629 1381 3707 civile,

206 3732 290 3795 istud
314 3733 397 3814 apud
422 3737 594 3814 praetores,
618 3733 691 3796 inde
715 3732 793 3795 iuris
817 3731 978 3814 praetorii.
1029 3732 1079 3794 14.
1108 3731 1381 3806 Codicillum.

204 3840 241 3900 ut
263 3841 384 3900 veteres
408 3839 508 3916 aiunt,
536 3838 603 3902 sine
628 3836 724 3900 dubio
750 3838 790 3900 ab
815 3841 944 3900 auctore
968 3838 1097 3913 dictum,
1122 3839 1176 3920 qui
1198 3838 1260 3903 hoc
1282 3843 1381 3924 scrip·

201 3946 295 4005 turae
319 3962 419 4026 genus
443 3942 594 4005 instituit.
640 3942 700 4007 Est
725 3946 831 4006 autem
856 3943 1015 4025 scriptura
1038 3943 1126 4006 nulla
1149 3943 1295 4026 indigens
1318 3947 1381 4010 sol-

205 4045 372 4109 lemnitate
395 4047 574 4124 verborum,
605 4048 657 4110 sed
689 4047 758 4110 sola
781 4047 944 4138 testatoris
968 4047 1133 4110 voluntate
1162 4048 1383 4133 qualicumque

204 4152 383 4234 scripturae
414 4153 647 4236 significatione
680 4174 842 4235 expressa3
876 4153 964 4216 euius
989 4150 1140 4215 beneficio
1164 4152 1383 4217 voluntatibus

277 4309 305 4376 1)
325 4307 368 4375 Of.
387 4307 424 4362 D.
442 4311 565 4374 29‚1‚4o;
582 4310 727 4371 40‚5‚41‚3,·
745 4310 879 4373 50,13,1,6.
901 4337 933 4346 -
953 4309 979 4373 2)
1000 4305 1042 4372 Of.
1064 4305 1119 4359 Vol.
1141 4306 1247 4359 Probus
1265 4307 1296 4360 de
1314 4312 1385 4362 notas

203 4396 335 4462 nunquia
355 4395 394 4448 ed.
415 4395 470 4447 Mo.
490 4397 565 4446 1853.
586 4394 663 4459 (Ha,
683 4397 734 4447 iar.
754 4401 809 4447 ant.
826 4396 918 4461 pes.)
959 4394 1094 4446 Natarum
1113 4393 1255 4446 laterculos
1273 4395 1310 4446 ed.
1328 4396 1382 4449 Mo.

204 4483 236 4534 ἐκ
257 4480 407 4535 Grammut.
427 4483 473 4536 lut.
492 4482 530 4536 ed.
551 4481 622 4546 Keil,
641 4483 813 4542 nato-352.

1144 4568 1176 4622 5*
