3400 5250
286 401 349 472 220
735 394 838 452 Edicta
855 400 1026 466 praetorum.

286 573 364 658 pilia
386 575 446 640 viri
469 579 581 658 potens
604 571 703 640 fuerit
726 579 758 639 et
780 579 866 641 reete
893 574 1094 642 defendetur:
1119 597 1182 654 eos,
1207 575 1263 660 qui
1287 575 1371 642 bona
1393 597 1468 658 pos-

285 680 398 757 sident,
422 679 460 746 de
482 679 679 762 possessione
702 679 849 744 decedere
871 677 987 744 iubebo
996 681 1013 744 ¹.

374 787 403 848 2.
439 783 503 860 Qui
524 783 736 848 fraudationis
759 805 856 850 causa
878 785 1036 860 latitabit,
1072 785 1100 848 si
1123 785 1199 850 boni
1223 785 1286 850 riri
1309 785 1467 851 arbitratu

286 911 350 952 non
374 887 569 966 defendetur,
594 889 660 952 eius
682 887 768 951 bona
790 889 946 972 possideri
971 887 1144 974 vendique²
1166 887 1309 954 iubebo³.

374 995 404 1058 3.
437 993 499 1070 Qui
522 993 635 1057 absens
657 993 774 1058 iudicio
798 993 948 1058 defensus
965 1017 1027 1058 uon
1044 993 1170 1071 fuerit⁴‚
1196 992 1279 1074 (eius
1298 993 1379 1058 borco
1391 1013 1469 1075 pos·

284 1098 383 1162 sideri
404 1099 538 1182 iubebo),
563 1102 594 1162 et
617 1097 695 1177 eius,
719 1098 810 1162 cuius
833 1099 918 1162 bona
944 1121 1089 1182 possessa
1112 1103 1186 1164 sunt
1210 1099 1469 1176 acreditoribus,

286 1207 433 1280 veneant,
456 1207 680 1286 praeterquam
702 1203 819 1286 pupilli
845 1208 877 1267 et
892 1205 969 1282 eius,
995 1203 1050 1287 qui
1066 1202 1274 1288 reipublicae
1292 1225 1387 1268 eausa
1403 1203 1470 1268 sine

286 1307 360 1372 dolo
383 1308 468 1371 malo
492 1305 603 1370 afuit⁵.

374 1415 402 1480 4.
430 1436 458 1476 a.
489 1411 549 1476 cui
572 1413 663 1476 heres
686 1435 751 1476 non
775 1411 917 1479 enitebit6
936 1461 969 1476 ..

373 1519 403 1583 b.
440 1519 489 1582 De
511 1519 580 1584 iure
604 1519 810 1584 deliberandi.
848 1517 881 1582 Si
905 1523 1031 1602 tempus
1055 1520 1094 1583 ed
1118 1517 1357 1583 deliberandum
1373 1521 1471 1601 petet,

287 1622 387 1688 dabo⁷
412 1642 420 1658 ·
438 1672 550 1688 .....
1167 1607 1171 1618 '

376 1752 402 1794 c.
438 1727 471 1792 Si
503 1729 617 1813 pupilli
642 1729 782 1811 pupillae
815 1728 944 1791 nomine
966 1729 1183 1812 postulabitur
1206 1733 1331 1812 tempus
1355 1730 1395 1792 ad
1418 1731 1471 1796 de-

288 1832 499 1912 liberandum,
525 1855 565 1896 an
589 1833 737 1916 expediat
753 1855 824 1896 eum
841 1832 1050 1898 hereditatem
1066 1835 1213 1911 retinere,
1238 1837 1271 1897 et
1285 1834 1346 1898 hoc
1362 1835 1471 1898 datum

288 1938 345 2016 sit,
370 1938 397 2001 si
419 1938 504 2002 iusta
527 1960 624 2002 causa
648 1959 715 2001 esse
737 1935 909 2017 videbitur,
935 1938 1018 2002 bona
1040 1937 1163 2004 interea
1178 1939 1318 2002 deminui
1333 1939 1395 2002 nisi
1416 1939 1470 2024 [si]

288 2065 383 2106 eausa
406 2044 536 2128 cognita
560 2043 637 2106 boni
661 2042 722 2106 viri
745 2041 905 2106 arbitratu
928 2041 1069 2108 retebo⁸.

376 2150 405 2212 d.
561 2147 595 2212 Si
627 2170 683 2231 per
707 2171 779 2212 eum
802 2169 911 2212 eamve
934 2146 1056 2210 factum
1080 2149 1155 2227 erit,
1187 2171 1249 2232 quo
1274 2149 1350 2232 quid
1374 2171 1412 2212 ex
1436 2171 1472 2215 ea

288 2254 465 2320 hereditate
478 2254 717 2331 amoveretur&
742 2253 933 2336 (abstinendi
950 2258 1134 2334 potestatem
1158 2274 1220 2317 uon
1235 2253 1387 2338 jucium).

377 2360 405 2425 5.
445 2361 507 2441 Qui
530 2359 660 2440 capituti
684 2359 814 2422 crimine
837 2359 1006 2422 damnatus
1029 2357 1130 2424 erc't¹⁰.
1467 2427 1469 2436 ,

171 2461 278 2540 ’ξζὲὲέξζ
377 2462 561 2528 XXXVIII.
595 2463 646 2528 De
662 2463 1052 2550 torcisstpossideuctc's
1070 2463 1374 2544 proscribendis
1389 2485 1471 2526 ccre-

287 2569 480 2633 ctuuctis¹¹.
529 2571 556 2632 I.
592 2567 652 2643 Qui
685 2589 723 2632 ex
750 2568 852 2637 edicto
887 2590 957 2632 meo
986 2569 1019 2632 in
1053 2569 1282 2650 possessionem
1313 2567 1470 2645 venerint,

287 2695 339 2738 eos
362 2674 409 2736 ita
431 2673 556 2736 videtur
578 2673 613 2735 in
637 2673 835 2755 possessione
859 2693 926 2736 esse
950 2675 1106 2754 oportere.
1143 2673 1228 2756 quod
1251 2672 1369 2739 ibidem
1387 2678 1471 2738 recte

287 2777 445 2842 custodire
477 2781 642 2860 poterunt,
677 2776 710 2840 id
732 2775 851 2840 ibidem
875 2777 1066 2840 custodiant.
1109 2777 1194 2861 quod
1217 2799 1280 2841 non
1305 2781 1467 2860 poterunt,

287 2883 319 2946 id
343 2882 467 2946 auferre
490 2887 521 2946 et
544 2882 698 2946 abducere
721 2881 840 2946 licebit.
878 2881 1041 2946 dominum
1064 2881 1203 2947 invitum
1220 2882 1387 2948 detrudere
1403 2905 1469 2947 non

287 2985 431 3070 placet²².

287 3143 289 3147 .
374 3095 402 3156 2.
606 3089 640 3156 Si
672 3093 761 3176 quie,
794 3115 867 3158 oum
895 3095 927 3157 in
956 3095 1159 3184 possessione
1189 3093 1346 3156 bonorum
1379 3097 1471 3170 esset,

287 3197 371 3282 quod
401 3219 438 3262 eo
468 3197 596 3260 nomine
627 3197 752 3276 fruetus
775 3200 909 3283 ceperit,
940 3201 979 3277 ei,
1010 3199 1050 3264 ad
1072 3220 1166 3282 quem
1189 3221 1226 3261 ea
1249 3220 1298 3262 res
1321 3199 1472 3282 pertinet,

286 3325 351 3367 non
374 3303 540 3366 restituat:
572 3301 656 3382 sive,
690 3304 775 3387 quod
799 3305 961 3388 impensae
984 3301 1149 3368 sine'dolo
1172 3301 1257 3366 malo
1279 3301 1408 3382 fecerit,
1445 3307 1473 3368 ei

287 3430 351 3472 non
374 3407 606 3491 praestabitur:
630 3408 696 3472 sive
720 3409 792 3474 dolo
815 3409 900 3474 maio
917 3409 983 3472 eius
1000 3409 1137 3473 deterior
1152 3429 1247 3472 causa
1264 3409 1472 3490 possessionis

287 3513 372 3576 facta
395 3534 462 3576 esse
485 3512 618 3590 dicetur,
644 3513 741 3577 desa
764 3536 798 3578 re
820 3514 975 3578 iudicium
999 3514 1033 3577 in
1057 3514 1180 3578 fautum
1203 3509 1320 3576 dnbo¹³.

287 3695 290 3705 Ι
320 3620 323 3625 ’
374 3615 404 3680 3.
439 3615 472 3679 Si
504 3617 575 3700 quis
610 3617 682 3680 dolo
713 3619 797 3682 malo
828 3619 956 3698 feeerit,
992 3641 1054 3702 quo
1084 3619 1189 3682 minus
1221 3618 1293 3701 quis
1316 3619 1472 3702 permissu

376 3770 403 3840 1)
422 3771 459 3824 D.
479 3775 601 3840 42,4,5‚2.
620 3803 656 3812 —
681 3771 708 3840 2)
726 3770 876 3842 vendique]
896 3773 1011 3826 addetum
1029 3773 1137 3826 bubccit:
1163 3771 1301 3841 proscribi
1321 3772 1473 3842 venirique,

287 3859 324 3926 ef.
342 3875 368 3911 a.
387 3863 429 3910 11.
450 3889 482 3898 -
501 3859 529 3928 3)
547 3858 584 3910 D.
604 3862 727 3926 42,4,7,1.
767 3859 819 3912 Cic.
838 3875 889 3927 pro
911 3858 1035 3928 Qutuctc'o
1055 3861 1152 3926 19,60.·
1180 3859 1303 3913 edictum
1322 3860 1378 3928 ‘qui
1397 3861 1473 3914 frau-

287 3945 516 4000 dationiseause
534 3945 679 4000 latitant!
699 3975 729 3986 -
749 3947 776 4015 4)
797 3946 850 4000 Cc'c.
869 3963 919 4014 pro
938 3946 1066 4016 Quiucta'o
1085 3950 1175 4014 19,60.
1194 3977 1229 3986 -
1249 3948 1274 4013 5)
1293 3946 1330 3999 D.
1349 3949 1472 4014 42,4,6,1,

289 4063 320 4071 —
350 4033 377 4100 6)
399 4031 520 4099 Oicpro
540 4031 772 4101 Quinctio19,60.
802 4063 836 4072 -
865 4035 890 4102 7)
910 4034 947 4088 D.
964 4038 1090 4102 28,8,1,1.
1112 4065 1147 4073 -
1164 4035 1193 4103 8)
1210 4035 1248 4088 D.
1268 4037 1360 4101 28,8‚7
1374 4051 1419 4102 pr.
1439 4063 1474 4074 -

288 4120 315 4188 9)
334 4119 371 4172 D.
387 4122 528 4186 29,2,71,3.
550 4150 581 4159 —
603 4121 646 4189 10)
670 4121 806 4175 Vetustum
825 4117 902 4176 illam
920 4123 1072 4178 clausulam
1093 4123 1149 4191 ‘qui
1168 4121 1259 4176 exsilii
1280 4137 1363 4174 eausa
1382 4121 1473 4177 solum

289 4205 414 4262 verterit*
435 4205 501 4271 (Cic.
517 4224 546 4275 p.
565 4207 691 4276 Quiucu'o
710 4212 803 4276 19,60)
822 4211 852 4262 iu
871 4210 985 4264 edictum
999 4216 1160 4279 perpetuu-m
1179 4209 1307 4264 tranasse
1323 4211 1381 4264 ocra
1397 4210 1474 4264 dissi-

288 4295 349 4350 uu'tc
367 4301 413 4350 cst.
437 4325 473 4336 -
497 4297 541 4365 11)
568 4295 610 4364 Of.
633 4297 715 4350 Prot.
734 4301 811 4365 5,24:
842 4298 868 4353 b.
888 4316 910 4352 e.
930 4315 951 4352 e.
971 4317 999 4368 p.
1018 4317 1045 4368 p.
1065 4316 1090 4352 v.
1109 4317 1137 4366 q.
1156 4297 1173 4350 i.
1193 4319 1226 4345 ι·-
1246 4297 1320 4351 bona
1338 4314 1371 4350 ox
1390 4296 1474 4352 edicto

287 4381 423 4450 possideri
444 4381 579 4451 proscribi
599 4383 742 4453 venirique
760 4384 880 4441 iubebo’
917 4385 979 4440 Gai
999 4389 1070 4454 3‚79.
1098 4415 1132 4425 —-
1162 4385 1205 4454 12)
1228 4385 1324 4452 Cdo-p.
1344 4383 1471 4453 Quidnctio

286 4473 374 4537 scer.
393 4501 428 4508 -
448 4471 490 4538 13)
512 4470 547 4523 n,
567 4473 657 4537 caso
671 4488 720 4539 pr.
