3386 5240
672 375 761 444 Leges
780 375 883 446 regiae.
1358 383 1378 446 5

198 573 289 637 μησε,
304 553 481 639 ’βουλευτὰς
505 552 600 626 εὐθὺς
624 553 704 636 ἔγνω
731 551 1005 636 καταστήσασθαι,
1029 553 1102 636 μεθ’
1117 553 1159 618 ὧν
1176 556 1321 638 πράττειν
1338 558 1377 619 τά

198 661 291 720 κοινὰ
313 657 452 742 ἔμελλεν,
475 658 514 721 ἐκ
536 667 597 720 τῶν
619 655 794 741 πατρικίων
819 657 934 741 ἄνδρας
957 657 1071 722 ἑκατὸν
1088 657 1316 743 ἐπιλεξάμενος.
1335 695 1376 708 -

200 763 477 847 καταστησάμενος
501 762 539 846 δὴ
562 772 661 827 ταῦτα
683 763 818 848 διέκρινε
841 767 896 840 τὰς
922 764 1137 845 -ἐξουσίας,
1161 767 1198 841 ἃς
1222 765 1377 842 ἑκάστους

200 865 350 953 ἐβούλετο
374 868 466 951 ἐχειν.
990 947 992 952 ,

287 970 418 1036 Βασιλεῖ
441 974 495 1056 μὲν
519 974 572 1036 οὖν
596 972 728 1058 ἐξῄρητο
743 974 818 1038 τάδε
834 976 873 1037 τά
888 973 981 1058 γέρα·
1006 984 1130 1059 πρῶτον
1148 977 1202 1059 μέν
1219 976 1379 1059 ἱερῶνκαὶ

196 1077 318 1141 θυσιῶν
341 1078 508 1163 ἡγεμονίαν
532 1079 623 1162 ἐχειν,
647 1116 688 1130 -
706 1079 813 1142 ἔπειτα
837 1079 939 1163 νόμων
962 1101 996 1143 τε
1018 1082 1072 1143 καὶ
1087 1081 1224 1165 πατρίων
1240 1081 1378 1166 ἐθισμῶν

197 1181 346 1266 φυλακὴν
369 1183 536 1264 ποιεῖσθαι,
558 1193 686 1248 -τῶν
712 1205 746 1246 τε
770 1184 974 1268 ἀδικημάτων
999 1187 1038 1248 τά
1055 1183 1184 1269 μέγιστα
1207 1187 1261 1270 μέν
1284 1187 1378 1248 αὐτὸν

197 1286 354 1367 δικάζειν,
387 1289 426 1350 τά
456 1285 482 1350 δ’
504 1287 656 1350 ἐλάττονα
688 1299 751 1364 τοῖς
786 1289 968 1375 βουλευταῖς
992 1290 1175 1374 ἐπιτρέπειν,
1197 1327 1241 1340 -
1263 1290 1379 1377 βουλήν

198 1411 235 1453 τε
259 1391 401 1474 συνάγειν
431 1393 486 1454 καὶ
509 1393 607 1476 δῆμον
632 1392 817 1477 συγκαλεῖν,
850 1396 904 1458 καί
929 1433 972 1442 -
994 1394 1161 1479 ἡγεμονίαν
1185 1395 1267 1478 ἐχειν
1290 1397 1379 1458 αὐτο-

199 1495 345 1578 κράτορα
369 1496 400 1558 ἐν
423 1496 562 1582 πολέμῳ.

290 1599 343 1690 Τῶ
368 1603 402 1664 δέ
425 1603 575 1693 συνεδρίῳ
604 1615 659 1689 τῆς
683 1604 798 1690 βουλῆς
823 1640 862 1650 -
888 1599 1069 1668 δυναστείαν
1086 1603 1224 1689 ἀνέθηκε
1240 1604 1378 1668 τοιάνδε·

201 1707 273 1788 περὶ
295 1709 410 1780 παντὸς
435 1707 508 1771 ὅτου
533 1711 571 1772 ἂν
595 1711 758 1794 εἰσηγῆται
781 1710 927 1796 βασιλεὺς
951 1708 1165 1793 διαγινώσκειν
1189 1731 1223 1774 τε
1245 1711 1299 1772 καὶ
1319 1709 1379 1795 ψῆ-

200 1832 262 1893 φον
287 1810 441 1894 ἐπιφέρειν
465 1851 516 1878 -—.
553 1837 556 1844 ·
866 1829 869 1834 “

290 1914 344 2000 Τῷ
368 1917 402 1980 δὲ
426 1917 584 2004 δημοτικῷ
608 1919 725 2004 πλήθει
748 1921 820 2003 τρέα
843 1928 942 1983 ταῦτα
966 1919 1152 2003 ἐπέτρεψεν·
1179 1917 1380 2003 ἀρχαιρεσιά-

200 2022 265 2099 ζειν
288 2043 322 2084 τε
346 2023 401 2085 καὶ
424 2023 537 2106 νόμους
562 2025 731 2108 ἐπικυροῦν
755 2028 810 2088 καὶ
832 2028 902 2108 περὶ
918 2025 1059 2110 πολέμου
1075 2025 1289 2110 διαγινώσκειν
1306 2026 1380 2086 ὅταν

200 2127 390 2213 δβασιλεὺς
414 2129 473 2214 ἐφη
496 2165 549 2192 -.
582 2131 675 2212 ἔφερε
707 2131 741 2194 δὲ
764 2135 820 2214 την
845 2131 948 2215 ψῆφον
976 2133 1036 2216 οὐχ
1059 2133 1124 2215 ἅμα
1147 2141 1207 2205 πᾶς
1231 2130 1248 2192 ὁ
1272 2121 1399 2213 δῆμος,Ι

201 2232 287 2296 ἀλλὰ
310 2235 393 2295 κατά
415 2233 470 2308 τάς
494 2234 635 2317 φράτρας
658 2235 924 2320 συγκαλούμενος.

290 2340 319 2402 4.
351 2338 448 2403 Dion.
473 2339 679 2424 (2,21.22);ι
708 2341 836 2416 πολλοῖς
862 2341 1000 2426 σώμασιν
1024 2339 1171 2404 ἀπέδωκε
1194 2336 1380 2420 θεραπεύειν

200 2446 237 2506 τὸ
262 2445 427 2526 δαιμόνιον.
453 2485 490 2494 -
516 2444 549 2522 ἐξ
572 2445 709 2530 ἑκάστης
726 2447 869 2530 φράτρας
887 2446 1117 2530 ἐνομοθέτησεν
1134 2442 1381 2509 ἀποδείκνυσθαι

203 2549 259 2611 δύο
281 2553 353 2623 τοὺς
376 2550 454 2632 ὑπὲρ
478 2551 675 2634 πεντήκοντα
699 2553 752 2636 ἐτη
775 2553 955 2635 γεγονότας,
979 2589 1022 2599 -
1045 2549 1173 2624 τούτους
1196 2549 1231 2611 δέ
1254 2549 1314 2612 οὐκ
1338 2547 1380 2620 εἰς

200 2653 372 2737 ὡρισμένον
403 2658 470 2718 τινά
493 2655 607 2738 χρόνον
631 2658 685 2742 τάς
709 2659 797 2739 τιμάς
822 2655 932 2733 ἔταξεν
957 2658 1054 2740 ἐχειν,
1086 2653 1169 2718 ἀλλά
1193 2653 1243 2716 διὰ
1265 2653 1380 2726 παντὸς

201 2769 258 2822 τοῦ
282 2759 363 2845 βίου,
395 2770 563 2842 στρατειῶν
593 2763 647 2844 μέν
672 2761 927 2844 ἀπολελυμένους
952 2763 1002 2824 διά
1025 2765 1080 2845 τὴν
1102 2758 1238 2844 ἡλικίαν,
1260 2766 1321 2820 τῶν
1346 2757 1381 2820 δέ

201 2867 287 2926 κατὰ
309 2867 364 2948 τὴν
387 2863 477 2927 πάλιν
500 2865 645 2949 ὀχληρῶν
670 2867 720 2928 διὰ
736 2869 789 2929 τὸν
805 2867 909 2949 νόμον.
933 2905 977 2914 -
993 2869 1133 2940 ἅπαντας
1152 2865 1187 2928 δέ
1202 2867 1274 2938 τοὺς
1290 2862 1381 2944 ἱερεῖς

106 3018 108 3022 .
202 2969 488 3054 -ἐνομοθέτησεν
513 2970 760 3035 ἀποδείκνυσθαι
784 2974 838 3055 μέν
869 2973 928 3036 ὑπὸ
953 2982 1014 3036 τῶν
1037 2980 1193 3056 φρατρῶν,
1217 2969 1381 3050 ἐπικυροῦ-

202 3076 280 3138 σθαι
305 3075 339 3138 δὲ
362 3075 422 3137 ὑπὸ
446 3084 507 3138 τῶν
532 3071 747 3158 ἐξηγουμένων
771 3079 810 3140 τά
833 3077 907 3140 θεῖα
931 3077 981 3140 διὰ
1005 3085 1163 3160 μαντικῆς.

227 3165 230 3171 ’
292 3183 320 3245 5.
353 3181 537 3245 Macrobius
561 3181 823 3267 (sai.1,12,38):2
859 3183 947 3248 Haec
978 3183 1041 3246 fuit
1071 3179 1248 3245 eRomulo
1276 3197 1381 3240 annuc

202 3287 351 3350 ordinata
385 3285 557 3365 dimensio,
593 3287 648 3370 qui
679 3323 721 3335 -
746 3311 865 3352 annum
896 3287 1122 3363 Xmensium,
1154 3286 1275 3349 dierum
1306 3299 1380 3342 vero

206 3495 377 3564 potestatem
395 3493 480 3556 dedit,
501 3495 532 3546 ut
550 3492 720 3548 deliberaret
738 3497 767 3548 et
783 3493 950 3564 suffragium
964 3497 1049 3550 ferret
1062 3493 1096 3547 dc
1108 3489 1236 3560 quelibet
1245 3503 1284 3550 re,
1296 3501 1381 3553 quem
1420 3511 1422 3518 ⁴

205 3599 255 3636 rex
274 3581 309 3635 ed
328 3597 392 3636 eum
403 3580 552 3634 retulisset.
583 3579 688 3650 Populo
703 3599 767 3637 vero
780 3583 849 3637 haec
862 3583 917 3638 tria
931 3581 1075 3646 concessit,
1090 3577 1276 3648 magistratus
1288 3586 1382 3628 creare

202 3672 235 3724 et
253 3670 329 3738 leges
346 3668 453 3724 sancire
477 3672 505 3722 et
528 3670 563 3724 de
584 3669 658 3723 bello
677 3669 842 3737 decernere,
867 3671 980 3741 quando
1003 3687 1051 3725 rex
1069 3666 1245 3737 rogationem
1264 3660 1300 3716 ad
1319 3677 1381 3714 eum

193 3755 325 3810 'tulisset
363 3753 504 3824 Suffragia
522 3759 616 3811 etitem
639 3756 752 3813 ferebat
771 3777 826 3814 non
845 3760 928 3812 simul
949 3761 1027 3813 totus
1045 3757 1171 3829 populor,
1190 3751 1238 3807 sed
1251 3747 1382 3812 turiaiim

202 3843 391 3914 convocatus.)
1072 3859 1074 3868 ·
1121 3865 1122 3868 ¹

278 3934 302 4001 l)
321 3929 431 4002 (Multis
448 3929 572 4000 personis
591 3946 673 3985 sacru
687 3926 914 3982 administrando
932 3923 1111 3994 adsignavit,
1132 3924 1220 3992 legem
1234 3922 1382 3992 poenitat

203 4037 241 4074 ex
259 4018 378 4088 siugulis
397 4017 479 4072 curiis
497 4017 556 4071 bini
576 4019 747 4080 crearentur,
768 4014 789 4068 L
809 4012 891 4068 aunis
910 4013 1035 4074 maiores,
1058 4027 1126 4079 quos
1144 4027 1199 4064 non
1219 4009 1255 4064 ud
1276 4011 1381 4062 certum

207 4105 321 4175 aliquod
347 4109 458 4172 tempus
483 4105 601 4161 bonores
625 4105 693 4160 istos
716 4103 819 4157 hebere
837 4101 999 4163 constituit,
1027 4099 1075 4152 sed
1092 4097 1227 4167 quamdiu
1247 4097 1382 4159 uiuerent,

202 4193 341 4247 immunes
359 4209 377 4246 a
389 4192 493 4246 militie
505 4194 618 4262 propter
631 4194 769 4255 aetutem,
784 4189 820 4243 ab
835 4186 950 4242 urbanis
963 4204 1028 4242 vero
1041 4184 1203 4239 muneribus
1217 4201 1267 4254 per
1281 4184 1379 4252 legem.

203 4279 306 4334 Omnes
323 4280 480 4334 secerdotes
499 4297 515 4334 s
533 4281 616 4334 curiis
635 4278 781 4336 constituit
800 4277 895 4339 creari,
920 4275 956 4330 eb
975 4272 1177 4343 interpretibus
1197 4288 1262 4326 vero
1285 4287 1380 4326 rerum

203 4366 364 4422 divinorum
381 4381 431 4437 per
443 4367 566 4436 suspicis
578 4366 757 4432 confirmari.)
774 4395 810 4406 -··
824 4368 851 4431 2)
869 4363 999 4420 Similiter
1022 4361 1109 4416 Solio.
1122 4363 1230 4427 1‚35.36.
