3400 5254
689 388 952 445 Pseudo-Asconius.
1383 389 1423 454 73

328 567 345 650 §
370 568 420 634 33.
460 567 680 649 Manoipes
706 570 782 629 sunt
804 565 1051 649 publicanorum
1076 565 1251 649 principes,
1286 564 1424 629 Romani

240 673 401 751 homines,
427 673 482 755 qui
506 675 656 755 quaestus
680 671 726 735 sui
753 693 848 735 causa
871 670 921 734 sui
944 672 1090 735 decumas
1114 669 1286 749 redimunt,
1312 669 1423 756 [decu-

241 777 328 842 mani
351 777 565 860 appellantur,
574 774 600 860 ¹]
635 775 663 838 si
685 773 832 858 portum¹
856 781 912 838 aut
935 796 1050 857 pecora
1072 773 1210 858 publiea,
1234 773 1423 857 portitores³
1501 831 1507 838 .

241 888 298 948 aut
320 881 470 966 pecuarii,
495 902 632 965 quorum
655 881 738 944 ratio
762 880 921 963 scriptura
937 879 1063 944 dicitur.
1109 879 1152 943 Hi
1169 881 1253 944 enim
1269 881 1425 964 exigenda

241 1011 260 1052 a
283 989 363 1052 socia
388 1009 445 1052 suo
470 986 610 1070 periculo
635 986 770 1070 exigunt
793 990 825 1050 at
847 985 894 1049 rei
914 984 1060 1069 publicae
1075 987 1325 1070 repraesentant,
1349 1008 1424 1069 pro·

241 1095 384 1158 videntes
408 1093 505 1157 etiam
528 1093 561 1154 in
585 1091 643 1154 illa
666 1091 884 1173 redemptione
907 1091 1096 1154 commodis⁴
1120 1090 1214 1154 suis.⁶
1258 1090 1346 1156 Licet
1366 1113 1424 1154 au·

241 1205 317 1276 tem,
341 1199 369 1263 si
384 1199 548 1262 moderate
564 1197 633 1273 fiat,
657 1197 825 1263 aestimare
841 1197 875 1258 in
891 1195 1020 1260 cellam⁰
1037 1196 1193 1280 praetoris
1210 1194 1424 1274 frumentum

241 1304 401 1386 mancipes
431 1325 488 1386 pro
521 1301 684 1366 frumento
718 1302 759 1365 ab
791 1301 974 1365 aratoribus
1007 1301 1158 1384 pecunias
1191 1301 1333 1384 accipere
1360 1322 1424 1365 non

241 1409 325 1475 licet.
373 1409 477 1492 (113.)

331 1515 348 1598 ξ
373 1516 424 1578 34.
467 1513 560 1578 Certa
591 1518 680 1591 sunt,
711 1512 746 1576 in
776 1511 892 1596 quibus
924 1512 1098 1594 impunitas
1127 1511 1225 1575 indici
1249 1511 1359 1589 datur,
1391 1511 1425 1574 in

241 1641 337 1684 causa
359 1619 562 1703 proditionis,
586 1618 773 1695 maiestatis,
798 1621 830 1680 et
845 1617 873 1680 si
891 1617 967 1700 quid
982 1617 1164 1680 huiusmodi
1180 1622 1238 1681 est.
1264 1653 1305 1664 -
1326 1614 1426 1680 Index

243 1729 292 1788 est
315 1728 431 1802 autem,
456 1725 511 1808 qui
534 1723 696 1802 facinoris,
722 1723 812 1786 cuius
834 1723 903 1806 ipse
926 1727 974 1786 est
994 1723 1107 1795 socius,
1132 1723 1272 1786 latebras
1287 1720 1425 1786 indicat⁷

243 1828 436 1912 impunitate
459 1829 635 1912 proposita.
682 1828 785 1909 (114.)

332 1934 349 2016 ᾗ
373 1937 425 2000 48.
449 1971 494 1982 -
516 1935 655 1999 alienum
680 1938 728 1998 est
751 1933 883 1997 alterius
906 1933 1031 2011 iudicii,
1065 1937 1096 1996 et
1119 1953 1182 1996 non
1206 1955 1244 1996 ex
1267 1932 1426 1996 auditorio

242 2041 400 2122 praetoris
423 2041 646 2123 maiorumque
669 2060 846 2116 causarum,
877 2039 930 2102 sed
955 2037 991 2102 a8
1013 2037 1183 2115 subselliis,
1208 2037 1269 2100 hoc
1291 2041 1339 2100 est
1362 2059 1426 2100 non

245 2166 264 2206 a
287 2143 521 2220 tribunalibus3
546 2152 621 2209 sunt
644 2146 728 2209 enim
754 2144 906 2209 subsellia
923 2145 1136 2222 tribunorum,
1159 2144 1258 2207 trium
1274 2144 1425 2220 virorum,

243 2251 450 2330 quaestorum
474 2253 506 2312 et
522 2248 741 2313 huiuscemodi
765 2249 890 2312 minora
906 2249 1024 2312 iudicia
1043 2249 1266 2326 exercentium,
1291 2249 1425 2332 quinon

243 2353 277 2414 in
300 2352 386 2415 sellis
420 2351 584 2416 curulibus
615 2376 673 2418 nec
697 2355 933 2432 tribunalibus,
966 2355 1020 2419 sed
1042 2355 1075 2418 in
1100 2353 1259 2418 subselliis
1283 2353 1425 2418 conside·

243 2457 331 2521 bant.
379 2459 482 2534 (118.)

332 2562 349 2646 ᾗ
386 2563 438 2628 50.
484 2562 630 2628 Maenius
664 2584 737 2626 oum
773 2564 902 2626 domum
937 2585 1028 2627 suam
1062 2563 1212 2626 venderet
1247 2561 1361 2626 Catoni
1395 2565 1427 2626 et

242 2667 358 2732 Flacco
392 2669 593 2748 censoribus,
627 2673 664 2733 ut
695 2668 743 2732 ibi
772 2668 904 2732 basilica
927 2668 1165 2744 aedificaretur,
1189 2671 1354 2750 exceperat
1376 2666 1426 2730 ius

244 2774 306 2837 sibi
329 2775 425 2838 unius
449 2776 624 2854 columnae,
648 2798 743 2860 super
767 2797 863 2858 quam
885 2779 1005 2840 tectum
1028 2773 1185 2857 proiceret
1201 2794 1238 2836 ex
1254 2771 1427 2855 provolan-

245 2877 331 2941 tibus
354 2879 518 2957 tabulatis,
544 2880 644 2944 unde⁹
668 2881 736 2964 ipsa
759 2884 791 2944 et
813 2881 936 2962 posteri
960 2880 1027 2943 eius
1050 2883 1192 2962 spectare
1214 2900 1330 2942 munus
1354 2879 1425 2962 gla-

244 2983 405 3048 diatorum
430 2990 569 3067 possent,
594 2987 678 3069 quod
702 2987 890 3050 etiamtum
914 2987 947 3050 in
973 2985 1043 3049 foro
1067 2985 1212 3050 dabatur.
1261 2982 1371 3067 (120.)

675 3167 709 3228 B.
742 3174 767 3228 lu
787 3176 843 3229 act.
869 3173 886 3228 ll
907 3173 954 3228 lib.
974 3173 990 3228 Ι.

330 3298 347 3381 ἓ
371 3299 422 3362 26.
459 3297 872 3380 Comperendinatio
905 3303 952 3360 est
976 3297 1015 3360 ab
1039 3296 1185 3381 utrisque
1207 3296 1426 3382 litigatoribus

244 3403 381 3466 invicem
406 3402 468 3466 sibi
491 3402 694 3466 denuntiatio
718 3403 751 3465 in
774 3402 982 3484 perendinum
1007 3401 1098 3467 diem.
1139 3399 1287 3485 Namque
1306 3423 1377 3464 oum
1393 3401 1426 3464 in

244 3530 311 3571 rem
335 3507 476 3591 aliquam
494 3511 627 3592 agerent
642 3507 821 3590 litigatores
844 3511 876 3570 et
892 3527 994 3588 poena
1011 3527 1044 3569 se
1060 3507 1251 3570 sacramenti
1268 3510 1424 3588 peterent,

244 3611 420 3695 poscebant
441 3612 578 3676 iudicem
595 3611 640 3690 ¹⁰,
657 3613 727 3696 'qui
753 3612 889 3675 dabatur
912 3617 985 3694 post
1007 3611 1208 3696 trigesimum
1231 3612 1330 3674 diem:
1364 3633 1427 3696 quo

245 3717 321 3780 dato
345 3717 456 3780 deinde
480 3718 565 3780 inter
587 3739 620 3780 se
643 3717 923 3801 comperendinum
946 3717 1039 3793 diem,
1062 3722 1099 3780 ut
1116 3717 1153 3780 ad
1171 3715 1323 3780 iudicium
1339 3719 1427 3781 veni-

245 3826 327 3898 rent,
345 3821 588 3888 denuntiabant.
622 3821 778 3897 Quocum
796 3827 877 3886 esset
895 3825 1036 3902 ventum,
1053 3827 1226 3908 antequam
1241 3845 1336 3888 causa
1352 3845 1427 3908 age·

245 3933 344 4007 retur,
371 3929 464 4014 quasi
486 3953 542 4013 per
564 3930 699 3996 indicem
717 3953 783 3996 rem
800 3931 1015 4014 exponebant:
1040 3929 1125 4014 quod
1141 3929 1246 4012 ipsum
1263 3927 1427 3992 dicebatur

139 4046 142 4050 '
243 4057 385 4099 causae
407 4035 622 4113 coniectio,
646 4035 737 4119 quasi
754 4057 867 4100 causae
883 4057 958 4100 suae
974 4036 1007 4098 in
1021 4035 1116 4100 breve
1133 4034 1295 4098 coactio¹².
1321 4033 1426 4114 (164.)

317 4210 343 4278 1)
361 4209 419 4264 deo.
438 4227 501 4278 app.
522 4225 572 4262 om.
594 4209 663 4262 libri.
684 4239 718 4248 -
736 4209 764 4278 2)
784 4209 823 4262 sio
841 4211 955 4278 pastum
974 4208 1046 4261 libri.
1066 4235 1100 4246 -
1118 4207 1146 4275 3)
1164 4204 1284 4275 portarii
1303 4206 1374 4259 libri.
1394 4235 1426 4244 -

244 4299 274 4365 4)
294 4295 464 4352 commodius
483 4295 552 4350 libri.
573 4327 605 4336 -
626 4299 651 4364 5)
670 4295 715 4350 Dc
726 4297 893 4365 aucupibus
911 4297 946 4364 cf.
960 4311 1044 4364 supra
1053 4311 1082 4363 p.
1092 4298 1132 4348 12.
1152 4324 1183 4332 -
1203 4294 1229 4364 6)
1243 4309 1341 4348 cenam
1356 4294 1427 4347 liora

247 4415 280 4423 —
311 4387 338 4455 7)
357 4383 457 4438 indicit
476 4385 547 4438 libri.
573 4415 608 4423 —-
635 4383 662 4453 8)
687 4401 773 4440 aorn.
792 4385 860 4438 libri.
892 4413 925 4424 -
953 4385 980 4454 9)
1000 4381 1066 4437 inde
1084 4381 1155 4435 libri.
1181 4411 1214 4421 -
1244 4381 1287 4450 10)
1307 4379 1426 4435 indicem

244 4471 316 4526 zius.
336 4504 367 4513 -
389 4474 431 4542 11)
453 4471 496 4538 Ο).
516 4471 578 4526 Gai.
596 4475 664 4538 4,15.
