3400 5254
300 380 343 446 22
836 376 944 431 carun

299 555 410 622 denter
430 578 508 622 uros
528 561 563 622 et
584 579 731 642 proavos,
753 557 842 620 urias
864 561 898 620 et
920 557 1068 640 proeriar
1091 561 1261 638 pareutum
1276 555 1405 618 nomine
1418 579 1483 639 ap-

300 660 413 746 pellari
434 659 571 728 dicunt¹.
618 662 656 726 P.
679 666 759 726 221.

300 764 481 844 Portet,
505 767 591 851 quod
614 771 664 832 eet
685 767 719 831 in
734 767 894 838 formulis„
916 765 1029 830 debuit
1049 772 1084 830 et
1105 767 1262 850 producte
1282 767 1389 849 priore
1410 767 1482 850 eyl-

298 871 374 938 lubn
398 870 601 956 pronuntiari
623 875 657 936 et
678 893 743 936 non
766 872 896 954 genuino
910 868 945 936 r²
967 870 1075 948 scribi,
1098 876 1137 934 ut
1150 871 1241 936 fieret
1256 875 1378 954 Μ’,
1393 873 1481 954 quod

298 981 348 1042 oct
363 977 568 1042 ‘inveniatur'
591 981 631 1042 ut
645 982 820 1062 comperet,
844 980 989 1060 apparet
1024 977 1065 1042 F.
1088 981 1167 1042 233.
1204 975 1353 1041 Peret³
1376 978 1485 1058 rigui·

300 1080 376 1148 flcet
396 1081 573 1168 apparebit.
623 1084 662 1148 P.
684 1088 764 1148 221.

299 1185 587 1254 Parricidii*
620 1193 806 1274 quaestores
836 1187 1093 1272 appellabuntur.
1125 1187 1181 1270 qui
1210 1187 1358 1252 solebant
1378 1190 1481 1252 creari

298 1315 395 1360 cauco
417 1316 523 1360 rerum
545 1295 735 1380 capitalium
760 1293 1024 1378 quaerendarum.
1058 1291 1147 1358 Nam
1161 1292 1319 1375 purrioidn
1333 1315 1398 1356 non
1412 1293 1485 1358 uti-

299 1420 362 1484 qne
390 1398 428 1478 io¹
458 1399 514 1484 qui
536 1405 705 1484 parentem
729 1400 912 1476 occidisset,
944 1398 1121 1474 dicebatur,
1152 1398 1208 1462 red
1229 1399 1488 1483 qualemcunque

228 1519 230 1524 '
301 1503 462 1570 hominem
490 1504 723 1570 indemnatum,
771 1505 820 1570 lta
843 1505 943 1569 fnisse
964 1504 1087 1568 indicet
1110 1503 1161 1566 lex
1183 1501 1310 1566 Numae
1331 1502 1483 1586 Pompilii

301 1609 403 1694 regis⁵
427 1608 477 1674 hio
500 1611 678 1694 composita
702 1611 820 1675 verbis:
845 1610 890 1675 ‘si
913 1612 968 1695 qui
991 1616 1047 1674 cet.
1095 1608 1134 1672 P.
1156 1613 1235 1673 221.

301 1712 473 1780 ‘Parum
495 1717 684 1782 cavisse
706 1717 882 1794 videri’,
905 1714 1327 1801 pronuntiatmegictratus,
1349 1736 1422 1778 eum
1443 1715 1488 1778 de

301 1817 444 1884 concilii‘
467 1822 626 1888 sententia
651 1822 766 1906 cepitis
791 1844 886 1907 quem
910 1823 1180 1886 condemnaturus
1201 1825 1259 1886 est
1304 1820 1345 1883 F.
1366 1823 1445 1882 238.

303 1924 442 1990 Peter
473 1927 711 2010 patrimus
744 1929 909 1992 dicebatur
938 1927 1020 2010 opud
1052 1926 1216 2009 antiquom
1245 1926 1395 2008 quicum
1418 1925 1485 1988 iarn

301 2030 369 2114 ipse
392 2035 482 2114 puter
505 2036 600 2110 erret,
623 2032 769 2100 habebat
791 2035 888 2099 etium
911 2037 981 2098 turn
1003 2037 1138 2115 patrem.
1183 2029 1224 2094 F.
1247 2034 1325 2094 234.

304 2133 484 2222 [Patres
507 2135 745 2224 appc]llantur‚
769 2161 806 2206 ex
823 2137 939 2223 quibus
955 2141 1084 2202 senatus
1101 2135 1260 2222 [primum
1275 2138 1491 2216 compositus,-

305 2261 380 2306 ncrn
402 2239 493 2305 inicio
516 2239 624 2328 urbis]
648 2243 796 2308 conditae
814 2240 1010 2306 RounrlusG
1034 2239 1139 2326 [viros
1158 2241 1253 2322 clepit
1264 2243 1490 2320 praestantio-

304 2345 430 2428 rimor,]
456 2367 592 2432 quorum
614 2345 748 2410 concilio
771 2350 867 2430 atque
892 2344 1087 2431 [prudentia
1110 2365 1164 2408 reo
1185 2346 1316 2424 publico
1330 2345 1485 2428 ud]mini-

303 2453 478 2516 straretur:
504 2455 602 2536 etque
627 2449 671 2535 [ii
688 2457 804 2532 potres
819 2451 899 2514 dicti
916 2456 1001 2527 suut,
1025 2445 1115 2534 quio]
1140 2447 1292 2533 agrorum
1308 2454 1415 2533 partes
1430 2450 1485 2514 ud-

306 2551 500 2642 [tribuerant
523 2555 755 2640 tenuioribus⁷]
779 2555 911 2640 perinde
934 2577 971 2620 ae
993 2555 1112 2621 liberis.
1152 2555 1192 2618 F.
1215 2559 1293 2620 246.
1339 2555 1491 2620 Patres

306 2663 468 2726 senatores
490 2659 561 2726 ideo
585 2659 742 2745 appellati
767 2665 851 2739 sunt,
876 2661 952 2744 quie
975 2682 1126 2744 agrorum
1143 2665 1250 2744 partes
1266 2661 1494 2726 adtribuerent

308 2766 507 2832 tenuioribus
530 2788 567 2832 ao
590 2767 615 2830 si
639 2767 749 2832 liberie
772 2767 919 2852 propriis.
966 2767 1004 2831 P.
1028 2771 1106 2832 247.

310 2869 552 2936 Petricioe
576 2869 703 2935 Cincius
727 2871 773 2936 uit
797 2872 830 2936 in
849 2871 933 2936 libro
956 2872 994 2935 de
1010 2871 1148 2935 comitiis
1170 2893 1223 2934 eos
1239 2871 1392 2954 appellari
1409 2871 1492 2934 soli·

308 2979 368 3054 tos,
393 2975 446 3060 qui
472 2995 555 3040 nuno
577 2976 708 3061 ingenui
733 2981 892 3041 vocentur.
940 2977 980 3040 F.
1003 2980 1079 3040 241.

309 3079 554 3146 Patricius
579 3080 666 3146 vicus
690 3079 811 3148 Romae
836 3083 939 3147 dictus
963 3104 1010 3162 eo,
1035 3081 1119 3166 quod
1142 3081 1188 3144 ibi
1212 3081 1337 3164 patricii
1359 3081 1492 3145 habita·

309 3189 431 3264 verunt,
455 3185 583 3252 iubente
606 3185 734 3254 Βετνὶο8
758 3189 878 3265 Tullio,
904 3193 949 3268 ut,
974 3188 1001 3252 si
1027 3187 1103 3272 quid
1122 3186 1312 3250 molirentur
1336 3187 1490 3252 adversus

309 3289 424 3376 iprum,
449 3313 487 3355 ex
509 3289 587 3356 locis
610 3293 826 3377 superioribus
850 3294 1118 3377 obprimerentur.
1166 3291 1204 3356 P.
1228 3295 1308 3354 221.

310 3395 507 3461 Petrimi
539 3401 572 3462 et
597 3398 737 3463 matrimi
768 3398 874 3483 pueri⁹
898 3398 1089 3482 praetextati
1113 3403 1178 3462 tres
1201 3397 1413 3460 nubentem¹⁰
1432 3397 1491 3461 de·

309 3503 440 3578 ducunt,
466 3524 547 3566 unus
572 3503 626 3588 qui
650 3503 752 3570 fecem
775 3506 914 3589 praefert
938 3527 975 3568 ex
1000 3503 1092 3587 spina
1116 3501 1198 3579 alba,
1223 3502 1298 3586 quia
1315 3506 1411 3566 noctu
1426 3525 1491 3566 nu·

310 3605 439 3686 hebent,
464 3607 525 3672 duo
550 3607 604 3694 qui
628 3612 737 3673 tenent
760 3609 941 3674 nubentem.
990 3608 1028 3672 F.
1052 3611 1128 3671 245.

312 3709 590 3778 Patrociniu
612 3712 766 3798 appellari
791 3717 902 3798 coepta
925 3715 1009 3788 sunt,
1034 3735 1105 3776 curn
1129 3712 1219 3798 plebs
1243 3709 1414 3775 distributa
1437 3716 1491 3776 est

311 3817 395 3882 inter
420 3819 536 3900 putres,
570 3821 737 3884 uteorum
763 3819 876 3903 opibus
900 3824 971 3884 tuln
994 3823 1084 3883 esret.
1131 3819 1169 3882 F.
1194 3823 1271 3882 233.
1317 3817 1370 3898 (P.
1392 3819 1495 3899 232.)

315 3921 555 4008 Patr[ooo3
578 3947 598 3990 c
616 3929 712 4007 patre
736 3946 793 3989 cur
816 3925 856 3988 ob
880 3925 1025 4004 antiquis
1048 3923 1165 4006 dictus]
1189 3925 1241 3992 sit.
1268 3921 1493 3986 manifestumt

405 4204 431 4272 1)
452 4205 583 4260 dicuntur
612 4205 645 4260 G.
674 4236 707 4246 -
736 4206 763 4276 2)
790 4205 965 4276 geminorum
991 4205 1046 4259 cod.
1072 4233 1104 4244 -—
1133 4203 1160 4272 3)
1184 4205 1279 4273 parret
1302 4201 1338 4254 M
1345 4201 1373 4254 Τ.
1402 4231 1435 4241 -
1461 4203 1494 4268 4)

314 4291 416 4362 purrlci
436 4293 505 4348 libri.
537 4325 569 4334 -
598 4295 627 4363 5)
648 4293 689 4360 Of.
708 4292 932 4362 tom.1p.10‚12
954 4311 980 4346 n.
999 4295 1024 4348 3.
1044 4323 1077 4332 —
1097 4293 1125 4360 6)
1143 4291 1265 4347 consiliis
1288 4290 1342 4344 cod.
1363 4320 1395 4329 -
1415 4289 1496 4360 7)[]

312 4395 344 4436 ec
374 4381 471 4437 Paulo.
498 4413 529 4424 -ι
558 4383 584 4450 8)
603 4382 717 4438 seruitio
738 4381 817 4444 OM,
846 4381 936 4437 seruio
962 4381 989 4434 T.
1018 4411 1051 4420 —
1078 4381 1107 4448 9)
1126 4397 1211 4450 puero
1233 4379 1288 4432 cod.
1320 4409 1349 4416 -
1379 4377 1423 4446 10)
1441 4393 1494 4430 nu·

311 4467 395 4524 bento
413 4470 467 4524 cod.
