3400 5254
297 317 338 384 70
817 319 958 373 Asconius.

384 490 402 573 ᾖ
425 493 476 556 94.
523 492 638 577 Legem
664 493 863 558 iudiciariam
887 529 928 540 -
952 493 1029 556 tulit
1051 492 1083 559 L.
1104 493 1255 559 Aurelius
1272 493 1367 560 Cotta
1385 519 1479 580 prae·

297 597 375 674 tor¹,
399 619 462 680 qua
486 598 722 662 communicata
744 601 820 662 sunt
842 597 959 662 iudicia
982 599 1106 662 senatui
1130 605 1162 662 et
1181 601 1342 684 equitibus
1359 601 1490 672 Roma.

297 703 346 766 nis
371 707 403 767 et
423 702 563 766 tribunis
587 705 728 769 aerariis.
776 703 900 768 Rursus
924 704 1038 768 deinde
1060 703 1230 787 Pompeius
1253 705 1286 768 in
1310 706 1479 771 consulatu

297 805 452 872 sccundo⁸
475 845 516 854 —
541 809 774 894 promulgavit,
807 813 843 872 ut
867 809 1063 892 amplissimo
1087 833 1124 874 ex
1147 833 1242 875 censu
1266 833 1304 874 ex
1327 813 1481 877 centuriis

298 913 391 977 aliter
414 916 510 996 atque
533 917 627 978 antea
653 914 726 978 lecti
749 915 877 993 iudices,
902 936 1002 998 aeque
1025 919 1132 978 tamen
1155 937 1193 978 ex
1217 915 1281 979 illis
1305 916 1409 980 tribus
1425 938 1478 980 or·

297 1015 435 1096 dinibus,
460 1039 509 1080 res
532 1017 721 1083 iudicarent.
769 1025 826 1101 (16
846 1051 876 1072 =
900 1021 965 1102 15.)

741 1211 768 1264 Β.
798 1210 824 1264 ln
844 1209 1034 1266 scantianam.

388 1334 415 1397 1.
454 1333 510 1398 Cn.
531 1334 691 1398 Domitius
714 1371 755 1380 -
781 1336 862 1399 diem
887 1336 915 1398 ei
940 1333 1086 1420 (Scauro)
1111 1335 1193 1399 dixit
1217 1337 1300 1419 apud
1323 1337 1478 1420 populum

298 1441 330 1501 et
353 1437 488 1502 multam
511 1439 685 1523 irrogavit,
719 1440 802 1523 quod
834 1441 901 1504 eius
925 1462 1021 1524 opera
1044 1461 1134 1504 sacra
1157 1440 1258 1524 multa
1280 1441 1389 1523 populi
1415 1440 1475 1505 Ro·

294 1543 385 1622 mani
419 1543 582 1608 deminuta
614 1566 682 1608 esse
705 1545 833 1609 diceret.
880 1544 1012 1609 Crimini
1037 1545 1134 1610 dabat
1157 1566 1247 1609 sacra
1270 1544 1398 1628 publica
1420 1568 1480 1629 po-

299 1647 365 1730 puli
390 1645 526 1711 Romani
550 1649 643 1712 deum
672 1649 851 1729 Penatium,
883 1673 963 1735 quae
987 1650 1099 1714 Lavini
1123 1649 1264 1728 fierent⁵,
1292 1672 1389 1734 opera
1412 1651 1480 1714 eius

300 1753 404 1816 minus
429 1759 513 1818 recte
536 1759 684 1840 casteque
706 1755 787 1820 fieri.
835 1756 905 1833 Quo
928 1755 1060 1819 crimine
1083 1755 1255 1823 absolutus¹
1271 1759 1318 1818 est
1342 1753 1481 1819 Scaurus

299 1859 437 1942 quidem,
461 1859 514 1922 sed
538 1861 594 1937 ita,
619 1866 655 1925 ut
679 1861 817 1925 utribus
841 1861 991 1925 tribubus
1008 1861 1223 1938 damnaretur,
1247 1858 1404 1924 aXXXll
1420 1861 1477 1923 ab·

298 1962 487 2043 solveretur,
522 1969 554 2028 et
580 1965 613 2029 iu
638 1965 706 2030 his*
731 1988 832 2050 pauca
856 1970 974 2050 puncta
998 1965 1084 2029 inter
1106 1965 1341 2030 damnationem
1366 1969 1398 2030 et
1421 1965 1478 2028 ab·

298 2065 490 2132 solutionem
513 2071 712 2137 interessent.
761 2073 819 2154 (21
843 2103 871 2124 =
893 2075 962 2155 18.)

734 2263 761 2320 c.
791 2264 817 2318 ln
837 2263 1034 2319 cornelianam.

385 2384 464 2466 Arp.
501 2383 552 2450 ΟΡ
585 2384 769 2464 Cornelius,
798 2422 838 2432 -
864 2385 1014 2450 tribunus
1046 2385 1164 2469 plebis⁶
1197 2387 1482 2472 —promulgavit

299 2487 411 2572 legem,
443 2511 506 2572 qua
530 2487 803 2574 [auctoritatem7]
827 2497 957 2556 senatus
981 2491 1156 2569 minuebat,
1179 2513 1219 2554 ne
1242 2491 1295 2574 qui
1320 2491 1398 2554 nisi⁸
1422 2513 1481 2574 per

298 2595 452 2676 populum
467 2594 591 2678 legibus
608 2595 793 2660 solveretur.
834 2595 926 2672 Quod
943 2596 1076 2679 antiquo
1092 2618 1218 2679 quoque
1234 2597 1302 2660 iure
1319 2600 1387 2660 erat
1403 2619 1477 2659 cau-

298 2701 382 2775 tum;
407 2700 516 2782 itaque
539 2701 571 2763 in
597 2701 744 2764 omnibus
769 2705 898 2764 senatus
922 2701 1086 2778 consultis,
1110 2701 1225 2784 quibus
1242 2700 1379 2784 aliquem
1395 2701 1477 2786 legi-

299 2803 357 2866 bus
381 2804 462 2867 solvi
484 2806 641 2887 placebat,
667 2807 747 2869 adici
772 2807 856 2870 erat⁹
881 2805 1023 2882 solitum,
1048 2809 1084 2868 ut
1107 2806 1144 2869 de
1167 2827 1203 2870 ea
1219 2806 1307 2869 read
1323 2806 1478 2888 populum

299 2906 454 2982 ferretur3
487 2910 539 2974 sed
564 2910 719 2994 paulatim
751 2910 829 2974 ferri
852 2914 921 2975 erat
945 2909 1101 2989 desitum,
1132 2932 1243 2994 resque
1266 2911 1328 2975 iam
1352 2910 1385 2972 in
1410 2934 1480 2975 eam

299 3014 557 3083 consuetudinem
594 3019 738 3094 venerat,
773 3019 808 3079 ut
830 3019 990 3098 postremo
1023 3038 1062 3079 na
1086 3015 1262 3079 adiceretur
1293 3014 1419 3098 quidem
1443 3015 1478 3078 in

299 3123 428 3184 senatus
452 3119 606 3188 consultis
630 3121 668 3185 de
691 3120 860 3205 rogatione
884 3121 923 3184 ad
947 3120 1101 3204 populum
1125 3121 1263 3196 ferenda,
1288 3141 1385 3202 eaque
1409 3120 1484 3201 ipsa

299 3225 597 3291 senatusconsulta
626 3249 681 3310 per
704 3227 856 3310 pauculos
881 3226 1050 3289 admodum
1075 3225 1203 3289 fiebant.
1252 3223 1386 3307 lndigne
1408 3245 1479 3288 eam

300 3327 426 3394 Corneli
456 3332 658 3416 rogationem
688 3334 830 3397 tulerant
861 3331 1077 3416 potentissimi
1109 3330 1237 3414 quique¹
1260 3351 1296 3392 ex
1319 3329 1482 3408 senarum,

301 3456 436 3518 quorum
461 3438 567 3519 gratia
589 3459 783 3521 magnopere
807 3437 1027 3512 minuebat1113
1052 3437 1159 3518 itaque
1180 3433 1214 3497 P.
1233 3432 1382 3498 Servilius
1400 3430 1480 3498 Glo-

301 3539 394 3602 bulus
417 3541 491 3604 trib.
517 3541 601 3624 pleb.
626 3541 776 3606 inventus
800 3547 879 3619 erat,
903 3541 958 3624 qui
979 3538 1048 3604 O.¹¹
1065 3538 1211 3604 Cornelio
1229 3537 1405 3600 obsisteret.
1437 3537 1483 3617 Is,

301 3642 355 3706 ubi
377 3642 457 3729 legis
485 3644 638 3710 ferundae
662 3647 728 3711 dios
751 3647 839 3710 venit
863 3651 895 3710 et
920 3666 1032 3730 praeco
1056 3642 1230 3708 subiciente
1253 3641 1357 3705 scriba
1380 3643 1484 3706 verba

302 3747 381 3830 legis
405 3749 537 3814 recitare
560 3752 679 3835 populo
702 3752 822 3836 coepit,
857 3758 888 3816 et
911 3752 1049 3816 scribam
1072 3749 1214 3814 subicere
1237 3751 1269 3811 et
1292 3767 1482 3830 praeconem

301 3855 509 3935 pronuntiare
532 3880 642 3940 passus
666 3879 730 3920 non
758 3861 816 3924 est.
864 3855 1128 3922 Tum'Corneliua
1151 3853 1218 3935 ipse
1240 3852 1377 3916 codicem
1400 3855 1485 3916 reci-

375 4047 399 4104 ll
417 4062 441 4100 a.
462 4049 520 4100 684.
546 4078 579 4087 -
605 4049 632 4114 2)
652 4066 677 4102 α.
697 4051 755 4102 699.
780 4075 810 4086 -·
831 4048 858 4112 3)
878 4046 995 4100 fuerunt
1014 4046 1077 4100 libri
1104 4076 1136 4084 —
1156 4044 1185 4113 4)
1206 4044 1244 4098 eis
1263 4045 1334 4097 libri.
1356 4075 1384 4082 —
1405 4043 1434 4110 5)
1454 4044 1484 4097 (l.

301 4147 351 4186 om.
371 4133 441 4187 libri.
471 4165 503 4172 -
532 4135 560 4202 6)
587 4152 611 4188 a.
632 4138 691 4188 687.
720 4165 755 4174 -
784 4135 811 4202 7)
830 4131 1030 4187 auctoritatem
1057 4147 1106 4184 om.
1129 4132 1158 4183 iu
1176 4131 1253 4183 biatu
1271 4146 1304 4183 ec
1321 4129 1397 4181 libna
1416 4145 1487 4196 quoa

301 4221 426 4275 babemus
451 4225 566 4290 optimus
592 4223 750 4290 videturque
774 4239 828 4276 esse
847 4239 879 4275 ecc
896 4221 1090 4288 supplemento,
1115 4218 1267 4284 etreliqua
1285 4217 1485 4284 quoqueiatru

301 4325 382 4362 uncos
406 4310 553 4378 quadratos
572 4311 679 4376 positu,
709 4308 740 4361 dc
763 4309 859 4376 quibus
881 4307 951 4360 nihil
970 4305 1125 4358 adnotatur.
1146 4334 1181 4341 —
1200 4302 1227 4372 8)
1246 4303 1294 4371 qui
1312 4302 1354 4354 uia
1372 4301 1413 4354 uel
1431 4304 1483 4370 qui

302 4395 373 4450 uisui
393 4399 463 4451 libri.
484 4427 515 4436 -
536 4399 564 4466 9)
583 4395 725 4450 adiecerat
744 4395 815 4448 libri.
891 4394 934 4464 1o)
952 4410 985 4447 ex
1005 4409 1025 4444 s.
1045 4409 1066 4445 c.
1087 4392 1157 4445 libr-i.
1178 4421 1210 4429 -
1233 4391 1277 4458 ll)
1296 4388 1311 4440 l.
1332 4388 1403 4441 libri.
