3386 5240
622 327 707 395 Leges
727 327 778 380 Xll
797 327 970 382 tabularum.
1345 279 1384 394 l5

45 434 50 471 Ι

43 474 50 617 l
200 504 270 570 λίου
292 507 478 592 γραφέντας,
502 503 580 569 καθ’
603 507 656 580 οὓς
675 543 713 552 -
732 506 821 569 οὐδὲν
846 505 905 568 ὑπὸ
930 516 991 569 τῶν
1014 506 1186 588 πατρικίων
1210 506 1252 581 ὡς
1270 507 1378 589 notre·

205 632 257 694 ρον
280 613 472 698 ἐβλάπτοντο
494 611 565 693 περὶ
587 613 626 672 τὰ
649 609 840 696 συμβόλαια,
863 610 982 685 πάντας
1007 609 1125 673 ἀνεῖλε·
1149 611 1204 672 uui
1229 611 1302 674 οὐδὲ
1324 614 1381 685 τὰς

204 715 342 798 οανίδας,
376 718 408 779 ἐν
431 717 478 790 αῖς
500 717 580 800 ἦσαν
603 714 829 799 γεγραμμένοι,
862 713 1047 794 κατέλιπεν,
1081 713 1164 776 ἀλλὰ
1187 715 1241 776 nal
1266 715 1380 790 ταύτας

205 821 435 904 καθαιρεθῆναι
458 819 611 893 κελεύσας
635 820 672 882 ἐκ
695 829 749 903 τῆς
773 821 892 902 ἀγοραῖς
917 819 1102 902 διέφθειρεν.

679 1107 836 1179 CAPUT
864 1108 910 1179 Il.

466 1279 629 1362 reses
673 1279 741 1360 xu
777 1229 1119 1368 turnilann.

695 1462 898 1524 HISTORIA.

273 1593 377 1663 Leqmu
397 1592 463 1645 XII
477 1593 630 1646 tabularum
648 1594 790 1647 historiam
811 1595 964 1648 accuratius
982 1602 1175 1650 enarraverunt
1193 1597 1252 1652 Lio.
1265 1601 1308 1662 3,9
1323 1602 1385 1666 —57,

206 1679 438 1748 Dton.10,1-6o‚
458 1680 585 1748 Pompon.
605 1683 633 1734 in
647 1681 871 1748 D.1,2‚2,3.4.24.
896 1682 926 1734 E
938 1682 1018 1735 Iiuio
1036 1699 1104 1750 quae
1123 1685 1324 1753 incontinent
1342 1704 1387 1740 en·

205 1769 305 1836 aminsi.
342 1767 479 1837 Quaenam
505 1767 571 1822 XII
587 1769 743 1823 tabularum
774 1769 849 1837 opud
867 1769 1005 1822 Romanos
1027 1771 1134 1837 fuerint
1147 1771 1227 1839 fatu,
1256 1775 1386 1840 quomodo

207 1862 283 1924 capta
301 1874 318 1909 n
337 1856 426 1910 Gallis
443 1857 508 1909 urbe
528 1856 695 1918 interierint,
717 1872 782 1908 num
798 1862 891 1924 postea
908 1857 1046 1909 restitutae
1062 1858 1125 1923 sint,
1144 1860 1273 1926 quomodo
1290 1867 1386 1930 tempo·

207 1959 265 1996 rum
283 1944 396 1998 deemsu
414 1949 501 1998 tentus
520 1959 612 1996 earum
632 1944 668 1996 'sit
688 1948 821 2008 mutatus,
847 1943 959 2010 quinam
980 1943 1055 2011 apud
1072 1950 1170 1998 ueteres
1187 1947 1222 2000 iis
1238 1949 1388 2002 exstiterint

170 1992 599 2266 mima
617 2031 739 2097 esposuit
759 2029 830 2082 Rud.
850 2029 968 2091 Sotadi,
989 2030 1052 2098 Inois
1071 2029 1140 2083 XII
1153 2033 1308 2088 tabularum
1325 2036 1386 2090 reti·

207 2122 285 2189 quiae
305 2123 381 2175 1866.
454 2151 487 2158 -
560 2119 614 2188 Qui
630 2136 691 2172 aero
705 2125 798 2172 nostra
819 2124 906 2172 aetate
923 2118 985 2171 inde
996 2135 1014 2170 a
1025 2119 1131 2172 saeculo
1143 2119 1221 2172 XVI
1234 2122 1388 2191 cottiaendis

210 2214 233 2261 et
253 2208 423 2262 restituendis
441 2207 509 2260 XII
515 2207 668 2260 tabularum
685 2206 806 2273 reliquiis
823 2221 930 2272 apuam
948 2204 1068 2257 dederint
1079 2207 1220 2272 smibtores
1232 2212 1388 2264 ennarrabit

209 2295 246 2348 H.
266 2295 399 2361 Dirlrsen,
425 2295 573 2349 Uetersiebt
590 2295 637 2346 der
655 2293 801 2361 bt'steriaeu
825 2292 954 2345 Versucte
973 2308 1020 2344 rur
1039 2291 1211 2362 Herstettuny
1229 2294 1274 2348 des
1296 2295 1388 2351 Testes

206 2381 251 2436 der
270 2382 337 2434 XII
349 2380 630 2460 TasetrJLQQui
650 2381 730 2433 etiam
747 2380 879 2432 rationem
896 2384 921 2432 et
939 2380 1017 2441 uiam
1037 2395 1105 2446 qnae
1123 2386 1188 2434 esset
1205 2382 1386 2450 inaredieuda,

207 2485 303 2523 novam
322 2471 460 2523 constituit
477 2475 605 2536 tantaque
623 2467 772 2520 eruditione
789 2466 916 2531 absoluit,
944 2471 975 2518 ut
993 2481 1081 2519 omnes
1099 2468 1147 2534 qni
1158 2474 1222 2535 post
1242 2485 1301 2523 eum
1323 2471 1389 2524 XII

206 2557 311 2610 tabutas
329 2557 475 2622 ediderunt,
494 2556 523 2608 in
542 2571 571 2608 ao
590 2555 757 2608 substiterint
779 2570 868 2622 panea
889 2553 1014 2607 addentes
1037 2554 1077 2608 oet
1098 2556 1271 2612 emendantes.
1310 2559 1388 2628 Quod

205 2661 288 2698 unum
312 2645 380 2698 libro
403 2643 486 2709 deest,
510 2649 541 2696 ut
559 2644 676 2711 leuitimo
700 2642 770 2695 XII
785 2642 939 2695 tabularum
957 2642 1044 2708 uerba,
1063 2643 1089 2695 si
1106 2659 1173 2710 quae
1191 2646 1293 2700 tradita
1311 2649 1388 2702 nobis

206 2737 277 2794 sunt,
295 2748 329 2785 en
340 2732 408 2785 artis
418 2731 596 2800 plistoloyieae
616 2732 721 2784 ratione
738 2731 787 2783 sub
806 2746 918 2783 examen
935 2738 1131 2796 revocarentur,
1150 2733 1180 2785 id
1196 2736 1261 2788 saite
1274 2735 1388 2802 perfecit

208 2819 355 2876 Seboetlius
373 2822 390 2874 t.
401 2822 427 2887 t,
445 2837 520 2889 quem
528 2822 625 2888 panem
643 2820 706 2874 loeis
724 2821 840 2887 exeeptis
858 2835 890 2872 eu
908 2820 977 2873 iuris
994 2821 1100 2872 ratione
1117 2820 1298 2876 diiudicandis
1314 2839 1387 2877 seen·

207 2913 250 2962 tus
267 2925 333 2962 sum.
365 2908 443 2978 Quod
462 2909 602 2962 constituit
621 2907 743 2961 Dirtsen
759 2914 875 2976 systema
894 2907 964 2960 XII
980 2908 1133 2961 tabularum
1152 2909 1212 2962 lieet
1229 2925 1284 2963 non
1301 2912 1388 2966 ubivis
1431 2941 1436 2956 ·

205 2996 365 3064 satisfaciat,
383 3001 414 3050 ut
424 2994 571 3050 Seboeltius
587 2996 628 3048 ita
645 3011 691 3064 aaa
704 3010 807 3062 quoque
825 2996 934 3058 retinui,
955 3011 988 3048 ne
999 2996 1093 3050 modus
1110 2996 1213 3049 citandi
1224 2997 1386 3052 turbaretur.

292 3120 401 3184 Livius
425 3123 558 3203 (3‚9,2):
584 3119 616 3184 O.
632 3119 826 3184 Terentilius
841 3119 925 3186 Arse
952 3120 1100 3183 tribunus
1124 3119 1226 3202 plebis
1250 3143 1286 3184 eo
1303 3144 1386 3210 anno

208 3225 252 3304 (u.
269 3246 291 3290 o.
309 3225 387 3306 292)
412 3225 482 3290 fuit.
529 3225 561 3290 Is
577 3262 621 3272 -
636 3225 772 3290 maxime
788 3227 822 3289 in
838 3226 1006 3306 consulare
1019 3226 1198 3308 imperium,
1222 3231 1385 3308 tamquam

207 3329 339 3393 nimium
355 3352 412 3394 neo
427 3331 593 3396 tolerabile
608 3331 729 3395 liberae
741 3331 875 3408 civitati,
891 3329 1115 3394 invehebatur:
1132 3367 1175 3376 -
1188 3334 1253 3412 (9,4
1263 3330 1283 3414 ε)
1300 3329 1387 3395 ‘duos

206 3455 263 3516 pro
286 3456 351 3498 uno
374 3435 517 3499 dominos
540 3441 683 3519 acceptos
709 3473 750 3482 -
773 3435 900 3499 infinita
916 3439 1084 3518 potestate,
1111 3434 1166 3518 qui
1187 3471 1225 3480 -
1242 3435 1387 3500 effrenati

206 3537 267 3620 ipsi
289 3561 397 3604 omnes
420 3544 523 3604 metus
545 3542 652 3625 legum
670 3579 713 3589 -—
728 3545 888 3606 verterent
910 3542 944 3604 in
960 3539 1104 3624 plebem3
1129 3538 1226 3625 (o,5:)
1251 3563 1332 3624 quae
1348 3565 1387 3607 ne

168 3665 170 3670 ·
208 3647 334 3706 aeterna
356 3644 420 3707 illis
442 3644 570 3709 lieentia
593 3647 644 3724 sit,
670 3647 772 3730 legem
789 3669 822 3711 se
838 3647 1126 3730 promulgaturum,
1151 3644 1300 3710 uthiri
1319 3669 1386 3712 ore-

208 3751 299 3810 entur
319 3748 445 3831 legibus
468 3751 506 3814 de
528 3751 661 3834 imperio
684 3752 841 3816 consulari
859 3748 1054 3815 scribendis'
1078 3787 1122 3796 —
1147 3751 1267 3834 (ruoz)
1296 3751 1387 3816 Anno

208 3850 317 3916 deinde
338 3851 517 3937 insequenti
541 3854 632 3939 (293)
656 3856 706 3921 lex
722 3856 896 3921 Terentilia
920 3861 1023 3920 atoto
1048 3857 1149 3920 relata
1174 3855 1310 3940 collegio
1326 3879 1384 3920 no·

209 3975 262 4018 vos
285 3977 437 4040 aggressa
459 3961 603 4024 eonsules
626 3965 682 4025 est.
728 3962 815 4042 (11‚3
829 3961 850 4046 :)
876 3999 919 4008 -
942 3965 1048 4044 patres
1071 3961 1105 4023 in
1128 3958 1209 4045 lege,
1235 3982 1315 4044 quae
1330 3983 1387 4044 per

209 4079 314 4123 omnes
329 4062 504 4127 eomiti-ales
520 4064 585 4128 dies
601 4065 771 4145 ferebatur,
789 4066 991 4150 impedienda
1005 4065 1064 4151 (se)
1080 4065 1245 4149 gerebant.
1271 4065 1386 4152 (tua)
1430 4047 1435 4056 ⁵

208 4185 329 4246 -per
351 4169 455 4230 totum
479 4191 596 4232 annum
622 4169 744 4232 artibus
766 4168 818 4233 lex
841 4169 930 4233 elusa
956 4172 1012 4233 est.
1061 4167 1176 4253 (15,1:)
1200 4167 1293 4233 Nihil
1312 4170 1386 4233 novi

209 4287 306 4332 novus
329 4291 432 4332 annus
454 4271 544 4354 (294)
562 4273 731 4349 attulerat;
758 4275 836 4359 legis
853 4273 1005 4338 ferendae
1021 4278 1077 4338 ant
1094 4273 1295 4357 accipiendae
1311 4295 1387 4338 oure

210 4371 366 4438 civitatem
397 4375 535 4440 tenebat.
582 4378 698 4461 (17,9:)
725 4415 763 4424 -
789 4400 846 4442 neo
877 4379 927 4443 lex
958 4383 1066 4442 tamen
1101 4378 1179 4441 ferri
1205 4415 1245 4424 -
1270 4378 1385 4460 potuit.
