3386 5240
773 372 859 441 Leges
878 373 982 441 regias.

624 617 680 683 VI.
714 617 898 684 SERVIUS
922 616 1115 683 TULLIUS.

378 766 405 830 1.
441 763 554 826 Liuius
576 764 725 844 (1,42‚5):
750 761 886 826 Gensum
915 759 1133 836 -instituit,
1159 799 1195 806 —
1221 758 1335 824 classes
1360 763 1472 824 centu·

288 867 415 951 riasque
437 871 470 930 ct
491 903 535 913 -
558 865 699 929 ordinem
724 887 876 929 excessu
902 862 1082 947 descripsit.

376 973 406 1036 2.
443 971 540 1035 Diua.
566 973 696 1053 (4,15);“
722 978 766 1053 τῷ
790 969 824 1031 δέ
848 972 889 1052 μὴ
915 967 1112 1052 τιμησαμένῳ
1136 965 1283 1050 τιμωρίαν
1302 968 1396 1046 ὥρισε
1412 977 1467 1051 τῆς

288 1097 322 1138 τε
346 1075 451 1148 οὐσίας
475 1073 653 1158 στέρεσθαι,
677 1075 731 1136 καί
756 1075 849 1136 αὐτόν
874 1071 1115 1157 μαστιγωθέντα
1138 1072 1309 1156 πραθῆναι.

378 1184 407 1244 3.
440 1179 538 1244 Dion.
565 1179 712 1266 (4,22):²
744 1177 780 1243 Ὁ
805 1179 839 1242 δὲ
863 1177 998 1253 Τύλλιος
1026 1179 1081 1240 καί
1104 1185 1168 1251 τοῖς
1191 1175 1469 1260 ἐλευθερουμένοις

290 1295 352 1348 τῶν
375 1283 579 1366 θεραπόντων
603 1321 644 1330 -
670 1282 809 1367 μετέχειν
825 1293 880 1366 τῆς
897 1281 1102 1356 ἰσοπολιτείας
1119 1279 1280 1374 έπέτρεψε.
1314 1280 1469 1356 κελεύσας

289 1393 351 1473 γάρ
385 1391 450 1472 ἅμα
481 1398 545 1463 τοῖς
577 1389 684 1462 ἄλλοις
707 1391 820 1450 ἅπασιν
844 1386 1023 1470 ἐλευθέροις
1047 1389 1100 1449 καί
1116 1386 1251 1467 τούτους
1275 1385 1468 1468 τιμήσασθαι

290 1497 346 1568 τὰς
369 1480 486 1571 οὐσίας,
510 1495 552 1568 εἰς
576 1494 677 1576 φυλάς
701 1493 872 1571 κατέταξεν
897 1494 1010 1566 αύτούς
1033 1495 1088 1566 τὰς
1111 1493 1196 1553 κατὰ
1219 1493 1274 1574 τὴν
1290 1490 1380 1552 πόλιν
1403 1490 1472 1554 τέτ-

290 1621 389 1682 ταρας
418 1599 638 1684 ὑπαρχούσας,
664 1637 704 1646 -
728 1602 782 1661 καί
813 1598 937 1660 πάντων
968 1595 1115 1658 ἀπέδωκε
1145 1605 1205 1660 τῶν
1229 1605 1342 1660 κοινῶν
1367 1598 1471 1670 αὐτοῖς

292 1703 442 1788 μετέχειν,
466 1705 509 1766 ῶν
533 1713 596 1777 τοῖς
621 1701 728 1777 ἄλλοις
753 1703 942 1786 δημοτικοῖς.

380 1811 409 1871 4.
443 1806 540 1870 Diua.
566 1809 704 1890 (4,13);3
736 1810 810 1880 τοὺς
834 1807 948 1890 νόμους
971 1805 1043 1880 τούς
1069 1825 1103 1868 τε
1126 1804 1396 1880 συναλλακτικοὺς
1419 1806 1474 1868 καί

291 1914 364 1985 τοὺς
395 1913 465 1992 περί
498 1921 558 1976 τῶν
592 1912 796 1996 ἀδικημάτων
829 1911 1013 1993 ἐπεκύρωσε
1042 1920 1109 1984 ταῖς
1135 1910 1301 1993 φράτραις·
1334 1911 1415 1994 ἦσαν
1440 1910 1474 1973 δέ

292 2015 488 2100 πεντήκοντά
511 2038 572 2079 που
597 2017 731 2100 μάλιστα
754 2019 808 2078 τόν
829 2015 974 2098 ἀριθμόν.

383 2125 412 2186 5.
438 2122 534 2188 Dion.
554 2123 697 2210 (ιί,25);4
722 2123 841 2196 ἐκεῖνος
865 2121 975 2185 διελὼν
1001 2121 1063 2184 άπὸ
1087 2131 1147 2185 τῶν
1164 2121 1327 2184 ἰδιωτικῶν
1345 2121 1473 2206 (ἐγκλη

293 2225 412 2308 μάτων)
436 2231 475 2290 τά
501 2229 644 2312 δημόσια,
670 2237 731 2291 τῶν
756 2226 810 2311 μέν
835 2228 877 2302 εἰς
901 2229 936 2290 τό
961 2229 1066 2290 κοινόν
1090 2225 1247 2308 φερόντων
1271 2225 1473 2310 ἀδικημάτων

294 2331 388 2404 αὐτός
417 2332 551 2395 ἐποιεῖτο
579 2336 635 2407 τὰς
660 2332 856 2415 διαγνώσεις,
888 2341 949 2396 τῶν
974 2333 1008 2394 δὲ
1033 2332 1195 2394 ἰδιωτικῶν
1219 2329 1342 2404 ἰδιώτας
1366 2330 1474 2408 ἔταξεν

293 2436 371 2497 εἰναι
394 2436 552 2518 δικαστάς,
577 2439 669 2520 όρους
692 2439 746 2500 καί
763 2437 900 2510 κανόνας
925 2439 1029 2509 αὐτοῖς
1045 2435 1149 2517 τάξας,
1174 2436 1226 2508 οὓς
1243 2437 1336 2509 αὐτὸς
1353 2435 1474 2518 ἔγραψε

294 2540 417 2623 νόμους.

383 2648 412 2711 6.
447 2645 480 2710 Sr
502 2670 652 2711 assaumis
674 2670 748 2710 runs
770 2669 919 2724 vnssssrr,
942 2670 994 2710 ass
1018 2669 1087 2710 unna
1110 2668 1271 2724 sncanssrr,
1295 2669 1368 2709 rurs
1394 2669 1468 2710 mvrs

293 2771 447 2814 ransusuu
470 2773 557 2815 sucus
580 2752 680 2815 ποτοῦ

561 2925 632 2990 VII.
668 2923 938 2999 unuuululus
962 2923 1203 2991 surusssus

325 3083 329 3090 ·
384 3063 482 3128 Dion.
508 3065 607 3151 (4,43)
619 3066 647 3128 :⁰
672 3063 721 3150 (Ὁ
739 3063 927 3147 Ταρκύνιος)
951 3067 1023 3138 τοὺς
1042 3101 1080 3110 -
1098 3065 1211 3147 νόμους
1227 3068 1298 3138 τοὺς
1315 3064 1374 3126 ύπδ
1393 3063 1477 3127 Τυλ-

300 3181 351 3188 ——a

369 3221 393 3291 1)
412 3221 541 3290 (incensis
560 3237 679 3289 posnam
698 3219 851 3282 constituit,
875 3219 955 3274 bonis
974 3219 1082 3288 privari
1102 3224 1129 3273 et
1150 3220 1237 3288 virgis
1257 3237 1349 3276 caesos
1368 3237 1470 3274 venum

295 3307 379 3376 dari.)
398 3338 430 3347 -
449 3309 478 3376 2)
497 3308 615 3378 (Tullius
634 3308 718 3362 servis
732 3307 911 3361 manumissis
924 3307 1070 3361 civitatem
1090 3308 1193 3362 habere
1206 3309 1354 3372 concessit;
1373 3307 1472 3362 iubens

296 3393 370 3448 e'nim
398 3412 535 3448 unacum
555 3394 648 3448 tiberis
668 3393 730 3447 aliis
752 3394 881 3449 omnibus
900 3394 989 3448 etiam
1008 3393 1123 3448 libertos
1142 3395 1261 3457 censeri,
1290 3395 1320 3448 iu
1339 3397 1475 3464 quattuor

296 3480 387 3534 tribus
411 3482 535 3535 urbanas
560 3499 604 3536 ecs
629 3481 791 3544 distribuit,
813 3498 963 3550 -eosque
989 3481 1025 3536 ad
1044 3482 1140 3536 omnia
1158 3498 1230 3550 quas
1247 3482 1362 3551 publica
1383 3483 1475 3536 essent

296 3585 384 3636 acque
403 3568 518 3622 admisit
537 3586 570 3622 ac
587 3572 692 3623 ceteros
710 3569 855 3638 plebeios.)
876 3599 908 3608 -
928 3571 954 3638 3)
976 3569 1063 3638 (leges
1082 3585 1144 3620 cum
1159 3568 1193 3622 de
1205 3568 1399 3623 contractibus
1414 3571 1475 3622 tum

296 3654 331 3709 de
351 3654 460 3708 delictis
479 3672 527 3723 per
546 3657 637 3709 curias
656 3656 737 3720 tulit,
763 3659 848 3710 erant
868 3658 963 3710 autem
982 3673 1096 3711 numero
1114 3656 1172 3709 fere
1191 3656 1421 3726 quinquaginta.)
1440 3685 1475 3696 -

297 3746 324 3812 4)
342 3743 403 3811 (illa
420 3742 530 3796 iudiciis
557 3743 675 3812 publicis
698 3744 838 3812 separatis
864 3742 1020 3812 uprivatis
1043 3743 1102 3811 ipsc
1124 3742 1238 3811 quidem
1258 3744 1291 3796 ds
1312 3743 1475 3798 criminibus

297 3830 334 3884 ad
352 3845 411 3884 rem
428 3829 571 3898 publicam
589 3829 795 3898 pertinentibus
808 3829 930 3898 suscepit
943 3829 1142 3896 cognitionem,
1163 3847 1256 3884 rerum
1271 3833 1367 3884 autem
1381 3830 1475 3899 privs·

298 3921 393 3972 tarum
411 3915 537 3986 privatos
555 3917 659 3971 iudices
678 3933 735 3970 esse
753 3915 842 3981 iussit,
870 3917 970 3985 quibus
989 3933 1102 3971 normas
1123 3920 1152 3970 et
1170 3917 1283 3985 regulas
1304 3917 1381 3986 leges
1399 3918 1480 3973 dedit

298 4024 315 4059 a
334 4023 362 4058 se
380 4005 574 4074 conscriptas.)
592 4034 628 4044 —
647 4004 674 4072 5)
690 4003 753 4058 Vide
770 4021 854 4073 supra
872 4004 936 4073 Lep.
951 4003 1028 4058 Rom.
1042 4008 1081 4058 13.
1104 4035 1137 4043 -
1157 4005 1185 4073 6)
1205 4005 1384 4074 (Tarquinius
1404 4006 1479 4074 leges
1506 4047 1510 4060 .

298 4109 316 4146 a
334 4091 426 4146 Tullio
447 4091 573 4160 scriptas,
593 4108 643 4161 per
655 4107 725 4158 quas
738 4109 801 4154 non,
821 4093 853 4144 ut
866 4094 959 4154 antea,
979 4092 1009 4142 in
1022 4089 1212 4144 contractibus
1226 4107 1244 4144 a
1254 4091 1381 4160 patriciis
1396 4109 1480 4147 vexu-

298 4179 411 4242 bantur,
438 4193 534 4232 omnes
552 4177 674 4241 sustulit,
699 4179 727 4232 et
745 4194 780 4232 ne
799 4178 913 4232 tabulas
932 4177 1052 4246 quidem,
1075 4177 1105 4231 in
1123 4178 1224 4246 quibus
1243 4181 1326 4232 eraut
1346 4179 1479 4249 scriptae,

298 4267 426 4334 reliquit,
452 4265 499 4320 sed
518 4267 568 4320 has
587 4283 695 4335 quoque
720 4265 834 4320 exforo
860 4265 1028 4320 summoveri
1048 4263 1145 4318 iubens
1165 4265 1290 4334 delevit.)
1329 4265 1373 4334 Of.
1393 4266 1478 4322 Dion.

298 4357 356 4422 5,2.·
382 4356 506 4422 (Βροῦτος
530 4359 576 4406 καί
600 4355 771 4422 Κολλατῖνος)
798 4356 858 4417 τούς
880 4357 974 4420 νόμους
999 4355 1058 4417 τούς
1077 4358 1137 4418 περὶ
1155 4361 1205 4406 τῶν
1226 4357 1396 4420 συμβολαίων,
1416 4360 1477 4420 τοὺς

299 4445 349 4494 ὑπὸ
369 4445 481 4495 Τυλλίου
500 4447 654 4510 γραφέντας,
675 4472 705 4483 -
726 4445 771 4506 οὓς
789 4446 907 4505 ἅπαντας
924 4445 1055 4494 κατέλυσε
1073 4443 1224 4507 Ταρκύνιος,
1245 4444 1431 4495 ἀνενεώσαντο.
