3400 5254
744 377 885 450 Boethius.

228 558 377 622 dicuntur
400 557 604 621 satisdatores
629 556 803 640 locupletes
826 578 886 640 pro
909 580 952 635 re,
977 559 1014 622 de
1031 580 1094 642 qua
1117 557 1201 642 apud
1216 559 1352 622 iudicem
1368 559 1408 621 lis

228 668 287 741 est,
311 686 351 727 ne
370 663 491 727 interea
507 663 562 747 qui
579 667 667 728 tenet
682 663 829 728 diffidens
846 686 959 728 causae
974 665 1204 748 possessionem
1220 663 1406 730 deteriorem

229 767 339 847 faciat,
362 773 447 832 tecta
470 768 611 852 dissipet,
634 769 758 835 excidat
781 770 910 835 arbores
937 775 969 835 et
991 771 1077 834 culta
1100 771 1232 834 deserat.
1280 772 1384 852 (191.)

316 872 332 955 ἕ
360 873 429 937 142.
475 871 600 937 Bona
630 873 824 956 praedia
855 875 1003 939 dicuntur
1032 875 1115 939 bona
1145 874 1408 940 satisdationibus

230 977 379 1056 obnoxia,
404 978 470 1042 sive
494 977 559 1056 sint
582 979 615 1040 in
631 978 808 1063 mancipiis,
833 979 946 1044 sivein
963 981 1291 1063 pecuniarumerata:
1315 1002 1407 1063 prae-

228 1081 281 1146 dia
304 1104 378 1146 vero
401 1082 527 1160 domus,
562 1083 642 1168 agri.
689 1083 777 1147 Haec
800 1085 908 1148 omnia
932 1085 1121 1162 venduntur,
1153 1085 1179 1149 si
1203 1085 1321 1149 rationi
1348 1107 1407 1168 pu-

228 1187 330 1252 blicae
354 1189 476 1253 locator
498 1193 658 1252 sariorum
682 1193 839 1254 tectorum
862 1212 927 1254 non
945 1192 1153 1274 responderit.
1202 1191 1251 1255 Ad
1274 1190 1335 1254 hoc
1351 1213 1408 1254 au·

228 1296 293 1356 tem
317 1297 391 1358 ante
414 1293 492 1358 haec
515 1295 622 1358 omnia
645 1299 720 1359 sunt
742 1297 891 1374 obnoxia,
922 1301 958 1360 ut
982 1319 1039 1380 pro
1062 1318 1120 1360 sua
1144 1296 1308 1360 voluntate
1331 1300 1407 1380 agat

228 1397 409 1481 redemptor
431 1399 544 1482 operis,
569 1399 720 1483 quiequid
744 1421 801 1464 suo
818 1400 958 1484 periculo
975 1401 1061 1465 facit.
1087 1402 1192 1482 (176.)
1223 1398 1408 1464 Praedia

227 1506 303 1566 sunt
325 1524 374 1566 res
399 1503 501 1586 ipsae,
533 1504 712 1587 praedes
736 1503 890 1583 homines,
913 1506 945 1569 id
969 1510 1017 1570 est
1039 1505 1248 1583 fideiussores,
1272 1526 1406 1590 quorum

228 1627 276 1670 res
301 1605 395 1670 ‘bona
418 1609 555 1688 praedia'
581 1630 644 1673 uno
667 1611 796 1674 nomine
819 1610 994 1676 dicuntur¹.
1041 1613 1145 1694 (196.)

393 1836 464 1903 VII.
505 1836 726 1905 BOETHIUS
750 1839 797 1904 IN
822 1838 1051 1906 CICERONIS
1074 1838 1240 1906 rorice.

298 1991 440 2047 Seoerinns
459 1994 590 2048 Bo'c'tbins
604 1997 784 2064 philosophus
807 1999 970 2062 (rto-524)
988 1996 1204 2050 Mediolanensis
1221 1997 1284 2064 fnit,
1304 1997 1408 2050 amiens

228 2081 299 2149 repis
320 2080 482 2134 nnocenct.
520 2082 557 2135 In
576 2085 764 2138 commentario
793 2101 868 2152 quern
888 2085 999 2151 scripsit
1017 2085 1054 2138 od
1076 2083 1212 2138 Olenonis
1231 2085 1321 2153 topica
1339 2083 1408 2150 (Gic.

227 2170 266 2222 eci.
290 2167 367 2222 Oretl.
392 2167 422 2236 V,
437 2173 527 2236 1,270)
545 2188 614 2239 qnae
633 2173 670 2226 od
687 2173 732 2226 ins
747 2173 885 2240 pertinent
899 2173 1029 2239 pleraque
1048 2187 1080 2224 en
1097 2171 1158 2238 ipso
1180 2170 1304 2226 Cicerone
1318 2189 1408 2240 sump-

225 2256 269 2323 sit,
285 2271 378 2322 pauco
395 2272 428 2309 en
445 2263 560 2311 veterum
577 2259 648 2311 iuris
666 2263 806 2312 anctorum
824 2259 903 2312 tibris
922 2258 1028 2311 adiecit.
1060 2255 1100 2324 Of.
1116 2258 1245 2325 Dirlcsen,
1266 2259 1320 2312 inr.
1332 2258 1406 2311 Ans·

225 2349 291 2412 cripe
308 2345 339 2397 in
356 2344 382 2398 d.
407 2343 520 2398 Werlcen
538 2345 584 2398 des
603 2345 742 2399 Bennios.
780 2346 854 2398 Beri.
874 2346 954 2399 abac.
974 2346 1044 2399 Abit.
1065 2348 1142 2398 1851.

317 2492 356 2534 erc
379 2469 397 2533 i.
422 2475 440 2534 1
464 2471 507 2534 nel
530 2491 554 2533 e.
578 2475 675 2547 2,10.
722 2470 873 2534 Faciendi
896 2471 988 2534 liberi
1013 2475 1078 2535 tres
1102 2475 1177 2535 sunt
1199 2474 1321 2554 partes:
1345 2493 1408 2534 unu

228 2575 372 2658 quidem,
406 2578 443 2638 ut
474 2597 568 2639 censu
600 2575 681 2639 liber
705 2576 765 2653 sit;
797 2577 1008 2640 censebantur
1040 2578 1124 2641 enim
1148 2576 1325 2660 antiquitus
1349 2576 1408 2640 soli

227 2679 309 2744 cives
343 2679 489 2745 Romani.
537 2679 571 2745 si
602 2682 672 2766 quis
708 2703 784 2766 ergo
807 2683 1024 2746 consentiente
1057 2683 1107 2746 vel
1129 2681 1258 2746 iubente
1282 2681 1409 2745 domino

230 2805 344 2847 nomen
368 2786 535 2850 detulisset
557 2787 591 2850 in
615 2809 752 2864 censum,
778 2787 856 2852 civis
873 2786 1037 2851 Romanus
1061 2787 1168 2864 fiebat,
1192 2791 1225 2850 et
1247 2785 1409 2850 servitutis

229 2889 355 2952 vinculo
388 2891 572 2956 solvebatur
584 2891 606 2956 2.
639 2930 680 2940 —
712 2893 793 2957 Erat
824 2893 920 2957 etiam
951 2915 1025 2976 pars
1057 2892 1158 2955 altera
1192 2890 1409 2973 adipiscendae
1478 2909 1487 2916 ·

230 2991 400 3071 libertatis,
426 3015 507 3077 quae
523 2996 664 3059 vindicta
680 2998 863 3061 vocabatur.
905 2997 1105 3062 Vindicta
1128 3019 1203 3060 vero
1219 3000 1266 3060 est
1282 2995 1409 3079 virgula

229 3097 401 3181 quaedam,
437 3121 530 3182 quam
566 3099 660 3164 lictor
698 3101 945 3164 manumittendi
979 3103 1060 3164 servi
1098 3102 1195 3184 capiti
1227 3100 1408 3182 imponensl

319 3327 341 3390 l)
361 3325 448 3379 Sciet.
467 3325 594 3378 Bobiens.
610 3325 650 3376 ‘in
669 3339 707 3376 or.
729 3339 760 3390 p.
781 3322 884 3377 Flacco
913 3321 970 3390 (Or.
990 3339 1019 3391 p.
1038 3325 1120 3384 m).-
1147 3318 1319 3375 Praedia-
1337 3311 1410 3390 quae

227 3411 288 3467 iure
310 3412 439 3480 legitimo
459 3430 515 3467 non
534 3411 684 3474 habentur,
704 3426 794 3479 neque
814 3413 885 3478 aput
904 3409 1043 3464 aerarium
1064 3407 1224 3478 subsignari
1237 3425 1327 3477 neque
1339 3412 1410 3478 aput

229 3517 370 3556 censorem
395 3503 519 3570 possunt.
557 3500 593 3552 Et
617 3497 803 3568 subsignandi
828 3499 897 3552 haec
923 3497 1031 3554 solebat
1056 3497 1136 3567 [esse]
1156 3513 1255 3557 causa,
1285 3496 1341 3566 [ut]
1361 3499 1411 3551 aut

229 3588 278 3658 qui
297 3586 452 3656 vectigalia
471 3586 635 3651 redimeret,
662 3589 713 3640 aut
735 3585 783 3654 qni
806 3605 857 3655 pro
876 3584 1006 3654 mancipe
1024 3584 1208 3652 vectigalium
1228 3583 1310 3638 fidem
1330 3601 1409 3638 suam

229 3675 436 3742 interponeret,
466 3675 526 3730 loco
551 3673 676 3745 pigneris
699 3673 818 3743 praedia
836 3691 886 3726 sua
905 3673 945 3727 rei
964 3672 1093 3742 publicae
1111 3671 1287 3738 obligarent,
1317 3671 1410 3740 quoad

231 3777 342 3816 omnem
361 3760 508 3831 pecuniam
527 3763 718 3831 redemptores
737 3761 923 3831 vectigalium
943 3761 1136 3831 repensarent.
1178 3759 1219 3824 Of.
1238 3759 1310 3816 Fert.
1332 3777 1410 3814 man·

229 3866 299 3920 ceps.
319 3881 354 3889 -
372 3851 400 3918 2)
419 3850 526 3904 Dositb.
546 3851 578 3904 de
595 3867 713 3906 ntnnnni.
734 3854 782 3904 17.-
800 3867 907 3920 magna
927 3851 1022 3904 alitem
1041 3847 1175 3902 dissensio
1193 3849 1235 3900 est
1253 3877 1296 3911 -,
1315 3853 1410 3900 utrum

183 3943 185 3946 '
229 3936 280 3992 hoc
305 3940 432 4007 tempore
457 3938 531 3992 vires
557 3937 700 4008 accipiunt
724 3937 833 4001 omnia,
861 3938 892 3990 in
910 3955 965 4007 quo
983 3952 1079 3990 censue
1099 3933 1233 4006 [agitur],
1261 3934 1360 3988 autin
1379 3951 1410 3990 eo

229 4026 364 4094 tempore,
382 4025 411 4079 in
430 4043 484 4094 quo
504 4025 627 4080 lustrum
647 4025 786 4082 conditur.
823 4023 894 4078 Sunt
913 4025 988 4079 enim
1006 4025 1054 4093 qui
1075 4053 1106 4060 -
1122 4021 1287 4075 existimant
1303 4052 1331 4060 -
1347 4039 1411 4076 cen-

229 4130 290 4166 sum
311 4111 477 4168 descendere
496 4113 532 4166 ad
553 4113 626 4166 diem
645 4113 743 4172 lustri.
769 4131 826 4168 non
846 4113 966 4166 lustrum
986 4112 1131 4166 decurrere
1156 4110 1192 4164 ad
1212 4110 1285 4164 diem
1305 4127 1409 4174 census,

228 4201 415 4270 -quoniam
435 4201 545 4264 omnia,
573 4200 668 4270 [quae]
694 4200 856 4254 incensum
875 4203 1015 4269 aguntur,
1041 4200 1129 4252 lustro
1148 4199 1358 4252 confirmantur.
1377 4228 1411 4237 -

229 4291 256 4356 3)
277 4288 415 4342 Cornntns
433 4290 463 4341 in
473 4288 546 4342 Pers.
561 4291 638 4356 5,88:
656 4287 790 4344 Vindicta
811 4288 893 4357 virga
911 4293 963 4354 est,
982 4303 1038 4356 qua
1056 4285 1277 4342 manumittendi
1296 4303 1313 4339 a
1331 4301 1412 4355 prae-

229 4378 289 4431 tore
306 4376 336 4430 in
355 4377 447 4448 capite
466 4377 624 4445 pulsantur.
661 4380 735 4431 Acro
753 4379 783 4430 in
801 4376 872 4430 Hor.
890 4383 940 4430 snt.
953 4379 1055 4442 2,7‚76.·
1080 4373 1225 4429 Vindicta:
1245 4373 1336 4442 virga,
1354 4390 1412 4442 qua

229 4464 460 4533 percutiebantur
479 4465 566 4528 servi,
594 4482 655 4520 cum
676 4464 757 4519 liberi
775 4463 895 4526 fiebant;
925 4464 969 4518 vel
989 4463 1085 4532 virga,
1110 4478 1183 4533 quae
1203 4466 1270 4517 ante
1289 4461 1412 4532 impone·
