<?xml version="1.0" encoding="UTF-8"?>
<!DOCTYPE html PUBLIC "-//W3C//DTD XHTML 1.0 Transitional//EN"
    "http://www.w3.org/TR/xhtml1/DTD/xhtml1-transitional.dtd">
<html xmlns="http://www.w3.org/1999/xhtml" xml:lang="en" lang="en">
 <head>
  <title>
</title>
<meta http-equiv="Content-Type" content="text/html;charset=utf-8" />
  <meta name='ocr-system' content='tesseract 3.04.00' />
  <meta name='ocr-capabilities' content='ocr_page ocr_carea ocr_par ocr_line ocrx_word'/>
</head>
<body>
  <div class='ocr_page' id='page_1' title='image "./fontesjurisroma00mommgoog_0034.png"; bbox 0 0 3386 5240; ppageno 0'>
   <div class='ocr_carea' id='block_1_1' title="bbox 796 365 1004 435">
    <p class='ocr_par' dir='ltr' id='par_1_1' title="bbox 796 365 1004 435">
     <span class='ocr_line' id='line_1_1' title="bbox 796 365 1004 435; baseline -0.01 -15"><span class='ocrx_word' id='word_1_1' title='bbox 796 365 883 434; x_wconf 80' lang='lat' dir='ltr'>Leges</span> <span class='ocrx_word' id='word_1_2' title='bbox 902 366 1004 435; x_wconf 81' lang='lat' dir='ltr'>regine.</span> 
     </span>
    </p>
   </div>
   <div class='ocr_carea' id='block_1_2' title="bbox 773 629 1012 698">
    <p class='ocr_par' dir='ltr' id='par_1_2' title="bbox 773 629 1012 698">
     <span class='ocr_line' id='line_1_2' title="bbox 773 629 1012 698; baseline 0.008 -14"><span class='ocrx_word' id='word_1_3' title='bbox 773 630 803 698; x_wconf 86' lang='grc' dir='ltr'>Ιι)</span> <span class='ocrx_word' id='word_1_4' title='bbox 841 629 1012 686; x_wconf 78' lang='lat' dir='ltr'>familia.</span> 
     </span>
    </p>
   </div>
   <div class='ocr_carea' id='block_1_3' title="bbox 301 751 1489 1888">
    <p class='ocr_par' dir='ltr' id='par_1_3' title="bbox 301 751 1488 1154">
     <span class='ocr_line' id='line_1_3' title="bbox 397 751 1488 838; baseline 0.001 -19"><span class='ocrx_word' id='word_1_5' title='bbox 397 757 448 820; x_wconf 88' lang='grc'>10.</span> <span class='ocrx_word' id='word_1_6' title='bbox 474 753 572 818; x_wconf 76' lang='lat' dir='ltr'>Dion.</span> <span class='ocrx_word' id='word_1_7' title='bbox 598 751 747 837; x_wconf 73' lang='grc' dir='ltr'>(2,.27)ι1</span> <span class='ocrx_word' id='word_1_8' title='bbox 778 753 815 816; x_wconf 87' lang='grc' dir='ltr'>ἐκ</span> <span class='ocrx_word' id='word_1_9' title='bbox 838 765 899 818; x_wconf 83' lang='grc' dir='ltr'>τῶν</span> <span class='ocrx_word' id='word_1_10' title='bbox 922 752 1079 838; x_wconf 81' lang='grc' dir='ltr'>Νομᾶ-</span> <span class='ocrx_word' id='word_1_11' title='bbox 1102 755 1213 838; x_wconf 80' lang='grc' dir='ltr'>νέμων,</span> <span class='ocrx_word' id='word_1_12' title='bbox 1238 756 1269 818; x_wconf 88' lang='grc' dir='ltr'>ἐν</span> <span class='ocrx_word' id='word_1_13' title='bbox 1294 759 1337 830; x_wconf 76' lang='grc' dir='ltr'>οἷς</span> <span class='ocrx_word' id='word_1_14' title='bbox 1360 759 1414 820; x_wconf 76' lang='grc' dir='ltr'>καὶ</span> <span class='ocrx_word' id='word_1_15' title='bbox 1438 761 1488 820; x_wconf 83' lang='grc' dir='ltr'>οὗ·</span> 
     </span>
     <span class='ocr_line' id='line_1_4' title="bbox 301 858 1488 944; baseline 0.003 -22"><span class='ocrx_word' id='word_1_16' title='bbox 301 880 355 934; x_wconf 85' lang='grc' dir='ltr'>τος</span> <span class='ocrx_word' id='word_1_17' title='bbox 391 859 580 942; x_wconf 87' lang='grc' dir='ltr'>γέγραπται·</span> <span class='ocrx_word' id='word_1_18' title='bbox 614 858 669 920; x_wconf 85' lang='grc' dir='ltr'>έὰν</span> <span class='ocrx_word' id='word_1_19' title='bbox 698 861 812 941; x_wconf 78' lang='grc' dir='ltr'>πατὴρ.</span> <span class='ocrx_word' id='word_1_20' title='bbox 833 858 889 942; x_wconf 82' lang='grc' dir='ltr'>υἱῷ</span> <span class='ocrx_word' id='word_1_21' title='bbox 922 858 1112 944; x_wconf 77' lang='grc' dir='ltr'>συγχωρήσῃ</span> <span class='ocrx_word' id='word_1_22' title='bbox 1141 871 1277 942; x_wconf 91' lang='grc' dir='ltr'>γυναῖκα</span> <span class='ocrx_word' id='word_1_23' title='bbox 1300 861 1488 944; x_wconf 77' lang='grc' dir='ltr'>ἀγαγέσθαι,</span> 
     </span>
     <span class='ocr_line' id='line_1_5' title="bbox 305 962 1487 1052; baseline 0.002 -24"><span class='ocrx_word' id='word_1_24' title='bbox 305 967 457 1028; x_wconf 78' lang='grc' dir='ltr'>κοινωνὸν</span> <span class='ocrx_word' id='word_1_25' title='bbox 483 963 632 1047; x_wconf 75' lang='grc' dir='ltr'>ἐσομένην</span> <span class='ocrx_word' id='word_1_26' title='bbox 658 962 747 1044; x_wconf 82' lang='grc' dir='ltr'>ἱερῶν</span> <span class='ocrx_word' id='word_1_27' title='bbox 770 983 804 1025; x_wconf 90' lang='grc' dir='ltr'>τε</span> <span class='ocrx_word' id='word_1_28' title='bbox 828 965 882 1025; x_wconf 79' lang='grc' dir='ltr'>καὶ</span> <span class='ocrx_word' id='word_1_29' title='bbox 906 963 1076 1048; x_wconf 83' lang='grc' dir='ltr'>χρημάτων</span> <span class='ocrx_word' id='word_1_30' title='bbox 1098 969 1181 1028; x_wconf 88' lang='grc' dir='ltr'>κατὰ</span> <span class='ocrx_word' id='word_1_31' title='bbox 1197 969 1268 1040; x_wconf 88' lang='grc' dir='ltr'>τοὺς</span> <span class='ocrx_word' id='word_1_32' title='bbox 1284 967 1407 1051; x_wconf 75' lang='grc' dir='ltr'>νόμους,</span> <span class='ocrx_word' id='word_1_33' title='bbox 1432 990 1487 1052; x_wconf 90' lang='grc' dir='ltr'>μη-</span> 
     </span>
     <span class='ocr_line' id='line_1_6' title="bbox 309 1068 1218 1154; baseline 0.002 -21"><span class='ocrx_word' id='word_1_34' title='bbox 309 1069 376 1133; x_wconf 88' lang='grc' dir='ltr'>κέτι</span> <span class='ocrx_word' id='word_1_35' title='bbox 401 1073 456 1154; x_wconf 82' lang='grc' dir='ltr'>τὴν</span> <span class='ocrx_word' id='word_1_36' title='bbox 482 1068 624 1146; x_wconf 77' lang='grc' dir='ltr'>ἐξουσίαν</span> <span class='ocrx_word' id='word_1_37' title='bbox 648 1069 724 1130; x_wconf 79' lang='grc' dir='ltr'>εἶναι</span> <span class='ocrx_word' id='word_1_38' title='bbox 747 1076 791 1152; x_wconf 83' lang='grc' dir='ltr'>τῷ</span> <span class='ocrx_word' id='word_1_39' title='bbox 814 1070 907 1150; x_wconf 76' lang='grc' dir='ltr'>πατρὶ</span> <span class='ocrx_word' id='word_1_40' title='bbox 929 1068 1045 1132; x_wconf 82' lang='grc' dir='ltr'>πωλεῖν</span> <span class='ocrx_word' id='word_1_41' title='bbox 1067 1072 1120 1132; x_wconf 80' lang='grc' dir='ltr'>τὸν</span> <span class='ocrx_word' id='word_1_42' title='bbox 1143 1071 1218 1137; x_wconf 74' lang='grc' dir='ltr'>υἱον.</span> 
     </span>
    </p>

    <p class='ocr_par' dir='ltr' id='par_1_4' title="bbox 305 1171 1489 1888">
     <span class='ocr_line' id='line_1_7' title="bbox 398 1171 1488 1261; baseline 0.001 -21"><span class='ocrx_word' id='word_1_43' title='bbox 398 1177 450 1240; x_wconf 91' lang='grc'>11.</span> <span class='ocrx_word' id='word_1_44' title='bbox 487 1175 564 1240; x_wconf 78' lang='lat' dir='ltr'>Pon</span> <span class='ocrx_word' id='word_1_45' title='bbox 589 1175 710 1254; x_wconf 80' lang='lat' dir='ltr'>(Numa</span> <span class='ocrx_word' id='word_1_46' title='bbox 736 1171 834 1256; x_wconf 77' lang='lat'><strong>12):²</strong></span> <span class='ocrx_word' id='word_1_47' title='bbox 858 1172 908 1255; x_wconf 89' lang='grc' dir='ltr'>(Ὁ</span> <span class='ocrx_word' id='word_1_48' title='bbox 931 1172 1054 1258; x_wconf 84' lang='grc' dir='ltr'>Νομᾶς)</span> <span class='ocrx_word' id='word_1_49' title='bbox 1078 1179 1116 1238; x_wconf 78' lang='grc' dir='ltr'>τοι</span> <span class='ocrx_word' id='word_1_50' title='bbox 1140 1175 1242 1259; x_wconf 85' lang='grc' dir='ltr'>πένθη</span> <span class='ocrx_word' id='word_1_51' title='bbox 1264 1175 1342 1239; x_wconf 80' lang='grc' dir='ltr'>καθ’</span> <span class='ocrx_word' id='word_1_52' title='bbox 1363 1177 1488 1261; x_wconf 71' lang='grc' dir='ltr'>ἡλικίας</span> 
     </span>
     <span class='ocr_line' id='line_1_8' title="bbox 306 1279 1485 1366; baseline 0.004 -24"><span class='ocrx_word' id='word_1_53' title='bbox 306 1281 361 1344; x_wconf 79' lang='grc' dir='ltr'>καὶ</span> <span class='ocrx_word' id='word_1_54' title='bbox 390 1280 523 1364; x_wconf 73' lang='grc' dir='ltr'>χρόνους</span> <span class='ocrx_word' id='word_1_55' title='bbox 558 1279 681 1358; x_wconf 78' lang='grc' dir='ltr'>ἔταξεν,</span> <span class='ocrx_word' id='word_1_56' title='bbox 714 1282 777 1342; x_wconf 78' lang='grc' dir='ltr'>οἶον</span> <span class='ocrx_word' id='word_1_57' title='bbox 807 1281 906 1342; x_wconf 87' lang='grc' dir='ltr'>παῖδα</span> <span class='ocrx_word' id='word_1_58' title='bbox 937 1283 979 1362; x_wconf 82' lang='grc' dir='ltr'>μὴ</span> <span class='ocrx_word' id='word_1_59' title='bbox 1007 1281 1132 1344; x_wconf 88' lang='grc' dir='ltr'>πενθεῖν</span> <span class='ocrx_word' id='word_1_60' title='bbox 1163 1281 1315 1364; x_wconf 83' lang='grc' dir='ltr'>νεώτερον</span> <span class='ocrx_word' id='word_1_61' title='bbox 1338 1293 1485 1366; x_wconf 80' lang='grc' dir='ltr'>τριετοῦς,</span> 
     </span>
     <span class='ocr_line' id='line_1_9' title="bbox 305 1385 1487 1471; baseline 0.002 -23"><span class='ocrx_word' id='word_1_62' title='bbox 305 1408 345 1470; x_wconf 89' lang='grc' dir='ltr'>μη</span> <span class='ocrx_word' id='word_1_63' title='bbox 354 1387 388 1449; x_wconf 85' lang='grc' dir='ltr'>δὲ</span> <span class='ocrx_word' id='word_1_64' title='bbox 412 1385 623 1470; x_wconf 74' lang='grc' dir='ltr'>πρεσβύτερον</span> <span class='ocrx_word' id='word_1_65' title='bbox 646 1385 792 1460; x_wconf 77' lang='grc' dir='ltr'>πλείονας</span> <span class='ocrx_word' id='word_1_66' title='bbox 817 1395 914 1469; x_wconf 77' lang='grc' dir='ltr'>μῆνας</span> <span class='ocrx_word' id='word_1_67' title='bbox 934 1387 977 1448; x_wconf 83' lang='grc' dir='ltr'>ὢν</span> <span class='ocrx_word' id='word_1_68' title='bbox 1002 1385 1129 1470; x_wconf 77' lang='grc' dir='ltr'>ἐβίωσεν</span> <span class='ocrx_word' id='word_1_69' title='bbox 1155 1387 1302 1451; x_wconf 78' lang='grc' dir='ltr'>ἐνιαυτῶν</span> <span class='ocrx_word' id='word_1_70' title='bbox 1319 1387 1410 1471; x_wconf 88' lang='grc' dir='ltr'>μέχρι</span> <span class='ocrx_word' id='word_1_71' title='bbox 1425 1399 1487 1454; x_wconf 84' lang='grc' dir='ltr'>τῶν</span> 
     </span>
     <span class='ocr_line' id='line_1_10' title="bbox 305 1489 1487 1574; baseline 0.001 -20"><span class='ocrx_word' id='word_1_72' title='bbox 305 1490 393 1568; x_wconf 87' lang='grc' dir='ltr'>δέκα,</span> <span class='ocrx_word' id='word_1_73' title='bbox 426 1492 481 1554; x_wconf 76' lang='grc' dir='ltr'>καὶ</span> <span class='ocrx_word' id='word_1_74' title='bbox 506 1489 681 1573; x_wconf 79' lang='grc' dir='ltr'>περαιτέρω</span> <span class='ocrx_word' id='word_1_75' title='bbox 698 1490 849 1574; x_wconf 82' lang='grc' dir='ltr'>μηδεμίαν</span> <span class='ocrx_word' id='word_1_76' title='bbox 864 1489 1003 1574; x_wconf 78' lang='grc' dir='ltr'>ἡλικίαν·</span> <span class='ocrx_word' id='word_1_77' title='bbox 1027 1490 1111 1554; x_wconf 80' lang='grc' dir='ltr'>ἀλλὰ</span> <span class='ocrx_word' id='word_1_78' title='bbox 1127 1500 1181 1554; x_wconf 83' lang='grc' dir='ltr'>τοῦ</span> <span class='ocrx_word' id='word_1_79' title='bbox 1199 1493 1398 1574; x_wconf 82' lang='grc' dir='ltr'>μακροτάτου</span> <span class='ocrx_word' id='word_1_80' title='bbox 1414 1493 1487 1556; x_wconf 90' lang='grc' dir='ltr'>πέν-</span> 
     </span>
     <span class='ocr_line' id='line_1_11' title="bbox 305 1589 1487 1680; baseline -0.001 -22"><span class='ocrx_word' id='word_1_81' title='bbox 305 1595 384 1670; x_wconf 88' lang='grc' dir='ltr'>θους</span> <span class='ocrx_word' id='word_1_82' title='bbox 412 1595 524 1679; x_wconf 77' lang='grc' dir='ltr'>χρόνον</span> <span class='ocrx_word' id='word_1_83' title='bbox 549 1597 626 1658; x_wconf 78' lang='grc' dir='ltr'>εἶναι</span> <span class='ocrx_word' id='word_1_84' title='bbox 652 1589 887 1680; x_wconf 81' lang='grc' dir='ltr'>δεκαμηνιαῖον,</span> <span class='ocrx_word' id='word_1_85' title='bbox 914 1593 962 1677; x_wconf 82' lang='grc' dir='ltr'>ἐφ’</span> <span class='ocrx_word' id='word_1_86' title='bbox 986 1597 1057 1658; x_wconf 82' lang='grc' dir='ltr'>ὅσον</span> <span class='ocrx_word' id='word_1_87' title='bbox 1084 1597 1137 1659; x_wconf 78' lang='grc' dir='ltr'>καὶ</span> <span class='ocrx_word' id='word_1_88' title='bbox 1162 1596 1347 1679; x_wconf 82' lang='grc' dir='ltr'>γηρεὺουσιν</span> <span class='ocrx_word' id='word_1_89' title='bbox 1372 1597 1487 1660; x_wconf 78' lang='grc' dir='ltr'>αἰτῶν</span> 
     </span>
     <span class='ocr_line' id='line_1_12' title="bbox 308 1699 1489 1786; baseline 0.002 -23"><span class='ocrx_word' id='word_1_90' title='bbox 308 1701 536 1764; x_wconf 73' lang='grc' dir='ltr'>ἀποθανόντων</span> <span class='ocrx_word' id='word_1_91' title='bbox 562 1709 727 1784; x_wconf 85' lang='grc' dir='ltr'>γυναῖκες·</span> <span class='ocrx_word' id='word_1_92' title='bbox 752 1701 773 1784; x_wconf 75' lang='grc' dir='ltr'>ἡ</span> <span class='ocrx_word' id='word_1_93' title='bbox 796 1700 830 1762; x_wconf 82' lang='grc' dir='ltr'>δὲ</span> <span class='ocrx_word' id='word_1_94' title='bbox 854 1699 1006 1782; x_wconf 69' lang='grc' dir='ltr'>πρότερον</span> <span class='ocrx_word' id='word_1_95' title='bbox 1029 1701 1209 1784; x_wconf 74' lang='grc' dir='ltr'>γαμηθεῖσα</span> <span class='ocrx_word' id='word_1_96' title='bbox 1233 1701 1306 1786; x_wconf 80' lang='grc' dir='ltr'>βοῦν</span> <span class='ocrx_word' id='word_1_97' title='bbox 1329 1702 1489 1786; x_wconf 73' lang='grc' dir='ltr'>ἐγκύμονα</span> 
     </span>
     <span class='ocr_line' id='line_1_13' title="bbox 309 1804 919 1888; baseline 0.002 -20"><span class='ocrx_word' id='word_1_98' title='bbox 309 1805 466 1869; x_wconf 90' lang='grc' dir='ltr'>κατέθυεν</span> <span class='ocrx_word' id='word_1_99' title='bbox 492 1805 616 1869; x_wconf 79' lang='grc' dir='ltr'>ἐκείνου</span> <span class='ocrx_word' id='word_1_100' title='bbox 638 1804 919 1888; x_wconf 74' lang='grc' dir='ltr'>νομοθετήσαντος.</span> 
     </span>
    </p>
   </div>
   <div class='ocr_carea' id='block_1_4' title="bbox 616 1997 1067 2066">
    <p class='ocr_par' dir='ltr' id='par_1_5' title="bbox 616 1997 1067 2066">
     <span class='ocr_line' id='line_1_14' title="bbox 616 1997 1067 2066; baseline 0 -13"><span class='ocrx_word' id='word_1_101' title='bbox 616 2054 620 2060; x_wconf 76' lang='grc'>,</span> <span class='ocrx_word' id='word_1_102' title='bbox 724 1997 753 2066; x_wconf 86' lang='grc' dir='ltr'>ο)</span> <span class='ocrx_word' id='word_1_103' title='bbox 780 1997 1067 2066; x_wconf 79' lang='lat' dir='ltr'>lusputllcum.</span> 
     </span>
    </p>
   </div>
   <div class='ocr_carea' id='block_1_5' title="bbox 306 2121 1523 2625">
    <p class='ocr_par' dir='ltr' id='par_1_6' title="bbox 306 2121 1490 2292">
     <span class='ocr_line' id='line_1_15' title="bbox 399 2121 1490 2199; baseline 0.002 -12"><span class='ocrx_word' id='word_1_104' title='bbox 399 2125 448 2187; x_wconf 86' lang='lat'>12.</span> <span class='ocrx_word' id='word_1_105' title='bbox 488 2121 521 2186; x_wconf 84' lang='lat' dir='ltr'>Sr</span> <span class='ocrx_word' id='word_1_106' title='bbox 545 2145 594 2194; x_wconf 81' lang='lat' dir='ltr'>our</span> <span class='ocrx_word' id='word_1_107' title='bbox 617 2143 748 2184; x_wconf 78' lang='lat' dir='ltr'>nouiuuu</span> <span class='ocrx_word' id='word_1_108' title='bbox 771 2143 896 2184; x_wconf 72' lang='lat' dir='ltr'>urserunt</span> <span class='ocrx_word' id='word_1_109' title='bbox 919 2143 990 2184; x_wconf 83' lang='lat' dir='ltr'>nouo</span> <span class='ocrx_word' id='word_1_110' title='bbox 1014 2143 1107 2184; x_wconf 82' lang='lat' dir='ltr'>sunus</span> <span class='ocrx_word' id='word_1_111' title='bbox 1129 2143 1218 2184; x_wconf 79' lang='lat' dir='ltr'>nourr</span> <span class='ocrx_word' id='word_1_112' title='bbox 1242 2145 1319 2199; x_wconf 78' lang='lat' dir='ltr'>uuir,</span> <span class='ocrx_word' id='word_1_113' title='bbox 1344 2145 1490 2189; x_wconf 73' lang='lat' dir='ltr'>Pinrcruls</span> 
     </span>
     <span class='ocr_line' id='line_1_16' title="bbox 306 2227 408 2292; baseline 0 0"><span class='ocrx_word' id='word_1_114' title='bbox 306 2227 408 2292; x_wconf 75' lang='lat' dir='ltr'>usco.l</span> 
     </span>
    </p>

    <p class='ocr_par' dir='ltr' id='par_1_7' title="bbox 308 2329 1523 2625">
     <span class='ocr_line' id='line_1_17' title="bbox 399 2329 1488 2415; baseline -0.001 -18"><span class='ocrx_word' id='word_1_115' title='bbox 399 2334 449 2398; x_wconf 85' lang='lat'>13.</span> <span class='ocrx_word' id='word_1_116' title='bbox 482 2331 610 2397; x_wconf 80' lang='lat' dir='ltr'>Seruius</span> <span class='ocrx_word' id='word_1_117' title='bbox 634 2330 680 2412; x_wconf 79' lang='lat' dir='ltr'>(in</span> <span class='ocrx_word' id='word_1_118' title='bbox 705 2331 833 2414; x_wconf 76' lang='lat' dir='ltr'>Verpilii</span> <span class='ocrx_word' id='word_1_119' title='bbox 856 2331 910 2413; x_wconf 77' lang='lat' dir='ltr'>epl.</span> <span class='ocrx_word' id='word_1_120' title='bbox 929 2335 1032 2410; x_wconf 73' lang='lat'>4,43):</span> <span class='ocrx_word' id='word_1_121' title='bbox 1058 2329 1095 2393; x_wconf 91' lang='lat' dir='ltr'>In</span> <span class='ocrx_word' id='word_1_122' title='bbox 1116 2329 1242 2394; x_wconf 76' lang='lat' dir='ltr'>Numae</span> <span class='ocrx_word' id='word_1_123' title='bbox 1264 2330 1390 2415; x_wconf 85' lang='lat' dir='ltr'>legibus</span> <span class='ocrx_word' id='word_1_124' title='bbox 1414 2355 1488 2396; x_wconf 89' lang='lat' dir='ltr'>cau-</span> 
     </span>
     <span class='ocr_line' id='line_1_18' title="bbox 308 2419 1523 2520; baseline 0.001 -20"><span class='ocrx_word' id='word_1_125' title='bbox 308 2442 378 2501; x_wconf 86' lang='lat' dir='ltr'>tum</span> <span class='ocrx_word' id='word_1_126' title='bbox 403 2443 467 2516; x_wconf 85' lang='lat' dir='ltr'>est,</span> <span class='ocrx_word' id='word_1_127' title='bbox 500 2441 537 2501; x_wconf 83' lang='lat' dir='ltr'>ut</span> <span class='ocrx_word' id='word_1_128' title='bbox 568 2437 595 2500; x_wconf 91' lang='lat' dir='ltr'>si</span> <span class='ocrx_word' id='word_1_129' title='bbox 623 2435 694 2520; x_wconf 91' lang='lat' dir='ltr'>quis</span> <span class='ocrx_word' id='word_1_130' title='bbox 717 2436 900 2519; x_wconf 82' lang='lat' dir='ltr'>imprudens</span> <span class='ocrx_word' id='word_1_131' title='bbox 924 2435 1088 2500; x_wconf 85' lang='lat' dir='ltr'>occidisset</span> <span class='ocrx_word' id='word_1_132' title='bbox 1111 2419 1282 2514; x_wconf 85' lang='lat' dir='ltr'>hominem,</span> <span class='ocrx_word' id='word_1_133' title='bbox 1307 2459 1364 2520; x_wconf 89' lang='lat' dir='ltr'>pro</span> <span class='ocrx_word' id='word_1_134' title='bbox 1387 2438 1490 2520; x_wconf 81' lang='lat' dir='ltr'>eapite</span> <span class='ocrx_word' id='word_1_135' title='bbox 1520 2505 1523 2515; x_wconf 67' lang='grc'><em>,</em></span> 
     </span>
     <span class='ocr_line' id='line_1_19' title="bbox 310 2540 1233 2625; baseline -0.003 -19"><span class='ocrx_word' id='word_1_136' title='bbox 310 2543 404 2607; x_wconf 89' lang='lat' dir='ltr'>occisi</span> <span class='ocrx_word' id='word_1_137' title='bbox 428 2542 556 2625; x_wconf 81' lang='lat' dir='ltr'>agnatis</span> <span class='ocrx_word' id='word_1_138' title='bbox 580 2542 646 2606; x_wconf 88' lang='lat' dir='ltr'>eius</span> <span class='ocrx_word' id='word_1_139' title='bbox 670 2543 703 2604; x_wconf 89' lang='lat' dir='ltr'>in</span> <span class='ocrx_word' id='word_1_140' title='bbox 727 2540 896 2605; x_wconf 78' lang='lat' dir='ltr'>contione4</span> <span class='ocrx_word' id='word_1_141' title='bbox 921 2541 1048 2604; x_wconf 86' lang='lat' dir='ltr'>offerret</span> <span class='ocrx_word' id='word_1_142' title='bbox 1071 2540 1233 2604; x_wconf 83' lang='lat' dir='ltr'>arietem⁵</span> 
     </span>
    </p>
   </div>
   <div class='ocr_carea' id='block_1_6' title="bbox 313 2695 527 2702">
    <p class='ocr_par' dir='ltr' id='par_1_8' title="bbox 313 2695 527 2702">
     <span class='ocr_line' id='line_1_20' title="bbox 313 2695 527 2702; baseline -0.009 0"><span class='ocrx_word' id='word_1_143' title='bbox 313 2695 527 2702; x_wconf 70' lang='lat'>—————.—.-</span> 
     </span>
    </p>
   </div>
   <div class='ocr_carea' id='block_1_7' title="bbox 309 2782 1549 4336">
    <p class='ocr_par' dir='ltr' id='par_1_9' title="bbox 309 2782 1549 4336">
     <span class='ocr_line' id='line_1_21' title="bbox 384 2782 1491 2854; baseline 0.002 -17"><span class='ocrx_word' id='word_1_144' title='bbox 384 2784 411 2852; x_wconf 93' lang='grc'>1)</span> <span class='ocrx_word' id='word_1_145' title='bbox 430 2785 456 2853; x_wconf 86' lang='lat' dir='ltr'>(e</span> <span class='ocrx_word' id='word_1_146' title='bbox 474 2783 584 2852; x_wconf 86' lang='lat' dir='ltr'>legibus</span> <span class='ocrx_word' id='word_1_147' title='bbox 603 2784 720 2846; x_wconf 84' lang='lat' dir='ltr'>Numae,</span> <span class='ocrx_word' id='word_1_148' title='bbox 741 2782 770 2836; x_wconf 93' lang='lat' dir='ltr'>in</span> <span class='ocrx_word' id='word_1_149' title='bbox 791 2784 891 2852; x_wconf 88' lang='lat' dir='ltr'>quibus</span> <span class='ocrx_word' id='word_1_150' title='bbox 912 2785 997 2838; x_wconf 84' lang='lat' dir='ltr'>etium</span> <span class='ocrx_word' id='word_1_151' title='bbox 1017 2784 1086 2838; x_wconf 82' lang='lat' dir='ltr'>haec</span> <span class='ocrx_word' id='word_1_152' title='bbox 1104 2786 1146 2839; x_wconf 86' lang='lat' dir='ltr'>est</span> <span class='ocrx_word' id='word_1_153' title='bbox 1166 2785 1283 2854; x_wconf 86' lang='lat' dir='ltr'>scriptu:</span> <span class='ocrx_word' id='word_1_154' title='bbox 1303 2785 1325 2837; x_wconf 92' lang='lat' dir='ltr'>si</span> <span class='ocrx_word' id='word_1_155' title='bbox 1338 2787 1420 2854; x_wconf 83' lang='lat' dir='ltr'>pater</span> <span class='ocrx_word' id='word_1_156' title='bbox 1432 2785 1491 2840; x_wconf 90' lang='lat' dir='ltr'>filio</span> 
     </span>
     <span class='ocr_line' id='line_1_22' title="bbox 309 2870 1490 2941; baseline 0.003 -16"><span class='ocrx_word' id='word_1_157' title='bbox 309 2870 470 2940; x_wconf 75' lang='lat' dir='ltr'>permiserit</span> <span class='ocrx_word' id='word_1_158' title='bbox 488 2887 601 2925; x_wconf 80' lang='lat' dir='ltr'>uxorem</span> <span class='ocrx_word' id='word_1_159' title='bbox 625 2871 738 2938; x_wconf 87' lang='lat' dir='ltr'>ducere,</span> <span class='ocrx_word' id='word_1_160' title='bbox 763 2889 836 2940; x_wconf 80' lang='lat' dir='ltr'>quse</span> <span class='ocrx_word' id='word_1_161' title='bbox 855 2871 915 2926; x_wconf 90' lang='lat' dir='ltr'>iure</span> <span class='ocrx_word' id='word_1_162' title='bbox 933 2872 1074 2941; x_wconf 77' lang='lat' dir='ltr'>particeps</span> <span class='ocrx_word' id='word_1_163' title='bbox 1097 2872 1134 2926; x_wconf 91' lang='lat' dir='ltr'>sit</span> <span class='ocrx_word' id='word_1_164' title='bbox 1152 2876 1180 2926; x_wconf 90' lang='lat' dir='ltr'>et</span> <span class='ocrx_word' id='word_1_165' title='bbox 1200 2890 1341 2928; x_wconf 84' lang='lat' dir='ltr'>sacrorum</span> <span class='ocrx_word' id='word_1_166' title='bbox 1361 2875 1389 2927; x_wconf 89' lang='lat' dir='ltr'>et</span> <span class='ocrx_word' id='word_1_167' title='bbox 1405 2873 1490 2928; x_wconf 89' lang='lat' dir='ltr'>bono·</span> 
     </span>
     <span class='ocr_line' id='line_1_23' title="bbox 311 2955 1487 3026; baseline 0.003 -16"><span class='ocrx_word' id='word_1_168' title='bbox 311 2972 383 3020; x_wconf 88' lang='lat' dir='ltr'>rum,</span> <span class='ocrx_word' id='word_1_169' title='bbox 403 2958 479 3026; x_wconf 81' lang='lat' dir='ltr'>putri</span> <span class='ocrx_word' id='word_1_170' title='bbox 500 2975 554 3012; x_wconf 91' lang='lat' dir='ltr'>non</span> <span class='ocrx_word' id='word_1_171' title='bbox 575 2955 750 3026; x_wconf 83' lang='lat' dir='ltr'>ampliusius</span> <span class='ocrx_word' id='word_1_172' title='bbox 764 2974 822 3012; x_wconf 90' lang='lat' dir='ltr'>esse</span> <span class='ocrx_word' id='word_1_173' title='bbox 835 2957 923 3012; x_wconf 88' lang='lat' dir='ltr'>filium</span> <span class='ocrx_word' id='word_1_174' title='bbox 938 2957 1097 3026; x_wconf 86' lang='lat' dir='ltr'>vendendi.)</span> <span class='ocrx_word' id='word_1_175' title='bbox 1124 2957 1164 3026; x_wconf 80' lang='lat' dir='ltr'>Cf.</span> <span class='ocrx_word' id='word_1_176' title='bbox 1187 2959 1260 3012; x_wconf 83' lang='lat' dir='ltr'>Plnt.</span> <span class='ocrx_word' id='word_1_177' title='bbox 1281 2959 1373 3012; x_wconf 82' lang='lat' dir='ltr'>Numa</span> <span class='ocrx_word' id='word_1_178' title='bbox 1394 2964 1433 3014; x_wconf 84' lang='lat'>17.</span> <span class='ocrx_word' id='word_1_179' title='bbox 1455 2989 1487 3000; x_wconf 93' lang='lat'><em>-</em></span> 
     </span>
     <span class='ocr_line' id='line_1_24' title="bbox 310 3043 1490 3114; baseline 0.002 -16"><span class='ocrx_word' id='word_1_180' title='bbox 310 3045 339 3113; x_wconf 82' lang='lat'>2)</span> <span class='ocrx_word' id='word_1_181' title='bbox 359 3043 466 3114; x_wconf 78' lang='lat' dir='ltr'>(Numa</span> <span class='ocrx_word' id='word_1_182' title='bbox 491 3044 612 3099; x_wconf 85' lang='lat' dir='ltr'>officium</span> <span class='ocrx_word' id='word_1_183' title='bbox 637 3043 754 3113; x_wconf 86' lang='lat' dir='ltr'>lugendi</span> <span class='ocrx_word' id='word_1_184' title='bbox 781 3045 930 3099; x_wconf 88' lang='lat' dir='ltr'>secundum</span> <span class='ocrx_word' id='word_1_185' title='bbox 957 3047 1066 3100; x_wconf 77' lang='lat' dir='ltr'>aetates</span> <span class='ocrx_word' id='word_1_186' title='bbox 1084 3049 1113 3100; x_wconf 92' lang='lat' dir='ltr'>et</span> <span class='ocrx_word' id='word_1_187' title='bbox 1131 3048 1260 3114; x_wconf 77' lang='lat' dir='ltr'>temporo</span> <span class='ocrx_word' id='word_1_188' title='bbox 1277 3045 1433 3108; x_wconf 82' lang='lat' dir='ltr'>constituit,</span> <span class='ocrx_word' id='word_1_189' title='bbox 1458 3049 1490 3100; x_wconf 91' lang='lat' dir='ltr'>ut</span> 
     </span>
     <span class='ocr_line' id='line_1_25' title="bbox 310 3131 1491 3204; baseline 0 -18"><span class='ocrx_word' id='word_1_190' title='bbox 310 3150 429 3204; x_wconf 86' lang='lat' dir='ltr'>puerum</span> <span class='ocrx_word' id='word_1_191' title='bbox 448 3131 534 3188; x_wconf 87' lang='lat' dir='ltr'>trimo</span> <span class='ocrx_word' id='word_1_192' title='bbox 552 3133 689 3188; x_wconf 89' lang='lat' dir='ltr'>minorem</span> <span class='ocrx_word' id='word_1_193' title='bbox 709 3151 744 3187; x_wconf 91' lang='lat' dir='ltr'>ne</span> <span class='ocrx_word' id='word_1_194' title='bbox 764 3133 825 3202; x_wconf 88' lang='lat' dir='ltr'>quis</span> <span class='ocrx_word' id='word_1_195' title='bbox 845 3135 950 3202; x_wconf 79' lang='lat' dir='ltr'>lugent,</span> <span class='ocrx_word' id='word_1_196' title='bbox 969 3133 1103 3188; x_wconf 77' lang='lat' dir='ltr'>maiorem</span> <span class='ocrx_word' id='word_1_197' title='bbox 1124 3150 1158 3186; x_wconf 87' lang='lat' dir='ltr'>ne</span> <span class='ocrx_word' id='word_1_198' title='bbox 1171 3133 1265 3202; x_wconf 89' lang='lat' dir='ltr'>plures</span> <span class='ocrx_word' id='word_1_199' title='bbox 1278 3149 1391 3195; x_wconf 84' lang='lat' dir='ltr'>menses,</span> <span class='ocrx_word' id='word_1_200' title='bbox 1405 3151 1491 3202; x_wconf 81' lang='lat' dir='ltr'>quum</span> 
     </span>
     <span class='ocr_line' id='line_1_26' title="bbox 311 3219 1493 3289; baseline -0.001 -15"><span class='ocrx_word' id='word_1_201' title='bbox 311 3237 399 3276; x_wconf 83' lang='lat' dir='ltr'>annos</span> <span class='ocrx_word' id='word_1_202' title='bbox 424 3219 540 3283; x_wconf 82' lang='lat' dir='ltr'>vixerit,</span> <span class='ocrx_word' id='word_1_203' title='bbox 568 3236 655 3288; x_wconf 89' lang='lat' dir='ltr'>usque</span> <span class='ocrx_word' id='word_1_204' title='bbox 680 3219 716 3274; x_wconf 83' lang='lat' dir='ltr'>ud</span> <span class='ocrx_word' id='word_1_205' title='bbox 742 3220 851 3275; x_wconf 85' lang='lat' dir='ltr'>decem:</span> <span class='ocrx_word' id='word_1_206' title='bbox 879 3237 929 3274; x_wconf 92' lang='lat' dir='ltr'>nec</span> <span class='ocrx_word' id='word_1_207' title='bbox 951 3236 1120 3289; x_wconf 82' lang='lat' dir='ltr'>quemquam</span> <span class='ocrx_word' id='word_1_208' title='bbox 1139 3219 1259 3273; x_wconf 89' lang='lat' dir='ltr'>cuiusvis</span> <span class='ocrx_word' id='word_1_209' title='bbox 1278 3219 1381 3274; x_wconf 75' lang='lat' dir='ltr'>aetatis</span> <span class='ocrx_word' id='word_1_210' title='bbox 1399 3219 1493 3284; x_wconf 74' lang='lat' dir='ltr'>ultra5</span> 
     </span>
     <span class='ocr_line' id='line_1_27' title="bbox 310 3305 1490 3377; baseline -0.001 -16"><span class='ocrx_word' id='word_1_211' title='bbox 310 3307 358 3362; x_wconf 88' lang='lat' dir='ltr'>sed</span> <span class='ocrx_word' id='word_1_212' title='bbox 384 3307 540 3377; x_wconf 79' lang='lat' dir='ltr'>longissimi</span> <span class='ocrx_word' id='word_1_213' title='bbox 568 3307 659 3360; x_wconf 87' lang='lat' dir='ltr'>luctus</span> <span class='ocrx_word' id='word_1_214' title='bbox 687 3309 798 3377; x_wconf 81' lang='lat' dir='ltr'>tenipus</span> <span class='ocrx_word' id='word_1_215' title='bbox 817 3323 873 3361; x_wconf 89' lang='lat' dir='ltr'>csse</span> <span class='ocrx_word' id='word_1_216' title='bbox 893 3306 985 3362; x_wconf 87' lang='lat' dir='ltr'>decem</span> <span class='ocrx_word' id='word_1_217' title='bbox 1004 3307 1149 3362; x_wconf 80' lang='lat' dir='ltr'>mensium.</span> <span class='ocrx_word' id='word_1_218' title='bbox 1189 3306 1241 3360; x_wconf 89' lang='lat' dir='ltr'>Per</span> <span class='ocrx_word' id='word_1_219' title='bbox 1270 3305 1344 3376; x_wconf 87' lang='lat' dir='ltr'>qnod</span> <span class='ocrx_word' id='word_1_220' title='bbox 1368 3307 1490 3377; x_wconf 84' lang='lat' dir='ltr'>spatium</span> 
     </span>
     <span class='ocr_line' id='line_1_28' title="bbox 312 3393 1492 3464; baseline 0.001 -16"><span class='ocrx_word' id='word_1_221' title='bbox 312 3395 445 3450; x_wconf 81' lang='lat' dir='ltr'>uxoribus</span> <span class='ocrx_word' id='word_1_222' title='bbox 472 3411 581 3462; x_wconf 88' lang='lat' dir='ltr'>quoque</span> <span class='ocrx_word' id='word_1_223' title='bbox 599 3393 795 3450; x_wconf 80' lang='lat' dir='ltr'>defunctorum</span> <span class='ocrx_word' id='word_1_224' title='bbox 816 3413 833 3448; x_wconf 84' lang='grc' dir='ltr'>π</span> <span class='ocrx_word' id='word_1_225' title='bbox 852 3394 980 3448; x_wconf 87' lang='lat' dir='ltr'>secundis</span> <span class='ocrx_word' id='word_1_226' title='bbox 999 3393 1105 3464; x_wconf 88' lang='lat' dir='ltr'>nuptiis</span> <span class='ocrx_word' id='word_1_227' title='bbox 1124 3395 1322 3448; x_wconf 81' lang='lat' dir='ltr'>abstinendum</span> <span class='ocrx_word' id='word_1_228' title='bbox 1341 3397 1397 3459; x_wconf 87' lang='lat' dir='ltr'>est;</span> <span class='ocrx_word' id='word_1_229' title='bbox 1422 3395 1492 3450; x_wconf 87' lang='lat' dir='ltr'>etsi</span> 
     </span>
     <span class='ocr_line' id='line_1_29' title="bbox 311 3479 1491 3551; baseline 0.002 -17"><span class='ocrx_word' id='word_1_230' title='bbox 311 3497 368 3550; x_wconf 83' lang='lat' dir='ltr'>qun</span> <span class='ocrx_word' id='word_1_231' title='bbox 387 3481 465 3549; x_wconf 91' lang='lat' dir='ltr'>prins</span> <span class='ocrx_word' id='word_1_232' title='bbox 485 3479 620 3549; x_wconf 82' lang='lat' dir='ltr'>nupserit,</span> <span class='ocrx_word' id='word_1_233' title='bbox 650 3480 748 3535; x_wconf 89' lang='lat' dir='ltr'>bovem</span> <span class='ocrx_word' id='word_1_234' title='bbox 769 3481 857 3535; x_wconf 81' lang='lat' dir='ltr'>letam</span> <span class='ocrx_word' id='word_1_235' title='bbox 876 3481 1024 3536; x_wconf 81' lang='lat' dir='ltr'>immolare</span> <span class='ocrx_word' id='word_1_236' title='bbox 1043 3481 1164 3535; x_wconf 79' lang='lat' dir='ltr'>debebat</span> <span class='ocrx_word' id='word_1_237' title='bbox 1183 3497 1215 3534; x_wconf 86' lang='lat' dir='ltr'>ex</span> <span class='ocrx_word' id='word_1_238' title='bbox 1234 3481 1311 3535; x_wconf 91' lang='lat' dir='ltr'>illius</span> <span class='ocrx_word' id='word_1_239' title='bbox 1331 3482 1412 3551; x_wconf 88' lang='lat' dir='ltr'>lege.)</span> <span class='ocrx_word' id='word_1_240' title='bbox 1450 3481 1491 3550; x_wconf 79' lang='lat' dir='ltr'>Cf.</span> 
     </span>
     <span class='ocr_line' id='line_1_30' title="bbox 316 3566 1492 3637; baseline 0 -16"><span class='ocrx_word' id='word_1_241' title='bbox 316 3567 374 3622; x_wconf 87' lang='lat' dir='ltr'>Vut.</span> <span class='ocrx_word' id='word_1_242' title='bbox 384 3567 425 3635; x_wconf 84' lang='lat' dir='ltr'>fr.</span> <span class='ocrx_word' id='word_1_243' title='bbox 441 3571 508 3620; x_wconf 81' lang='lat'><em>321:</em></span> <span class='ocrx_word' id='word_1_244' title='bbox 528 3566 655 3635; x_wconf 89' lang='lat' dir='ltr'>Lugendi</span> <span class='ocrx_word' id='word_1_245' title='bbox 668 3571 761 3622; x_wconf 84' lang='lat' dir='ltr'>autem</span> <span class='ocrx_word' id='word_1_246' title='bbox 777 3571 843 3622; x_wconf 89' lang='lat' dir='ltr'>sunt</span> <span class='ocrx_word' id='word_1_247' title='bbox 856 3570 987 3637; x_wconf 83' lang='lat' dir='ltr'>parentes</span> <span class='ocrx_word' id='word_1_248' title='bbox 1000 3585 1081 3629; x_wconf 82' lang='lat' dir='ltr'>nuno,</span> <span class='ocrx_word' id='word_1_249' title='bbox 1095 3567 1176 3622; x_wconf 86' lang='lat' dir='ltr'>liberi</span> <span class='ocrx_word' id='word_1_250' title='bbox 1189 3568 1308 3624; x_wconf 82' lang='lat' dir='ltr'>maiores</span> <span class='ocrx_word' id='word_1_251' title='bbox 1321 3568 1344 3622; x_wconf 87' lang='lat' dir='ltr'>X</span> <span class='ocrx_word' id='word_1_252' title='bbox 1356 3586 1492 3624; x_wconf 80' lang='lat' dir='ltr'>annorum</span> 
     </span>
     <span class='ocr_line' id='line_1_31' title="bbox 312 3654 1492 3724; baseline 0.001 -16"><span class='ocrx_word' id='word_1_253' title='bbox 312 3671 399 3724; x_wconf 83' lang='lat' dir='ltr'>aeque</span> <span class='ocrx_word' id='word_1_254' title='bbox 417 3672 491 3708; x_wconf 82' lang='lat' dir='ltr'>anno</span> <span class='ocrx_word' id='word_1_255' title='bbox 511 3654 548 3723; x_wconf 88' lang='grc' dir='ltr'>(Χ</span> <span class='ocrx_word' id='word_1_256' title='bbox 568 3655 728 3724; x_wconf 86' lang='lat' dir='ltr'>mensium),</span> <span class='ocrx_word' id='word_1_257' title='bbox 755 3687 789 3696; x_wconf 93' lang='lat'><em>-</em></span> <span class='ocrx_word' id='word_1_258' title='bbox 815 3655 935 3711; x_wconf 86' lang='lat' dir='ltr'>minores</span> <span class='ocrx_word' id='word_1_259' title='bbox 956 3687 985 3694; x_wconf 95' lang='lat'><em>-</em></span> <span class='ocrx_word' id='word_1_260' title='bbox 1006 3657 1050 3710; x_wconf 82' lang='lat' dir='ltr'>tot</span> <span class='ocrx_word' id='word_1_261' title='bbox 1063 3655 1204 3709; x_wconf 88' lang='lat' dir='ltr'>mensibus</span> <span class='ocrx_word' id='word_1_262' title='bbox 1222 3687 1255 3696; x_wconf 90' lang='lat'><em>-</em></span> <span class='ocrx_word' id='word_1_263' title='bbox 1274 3657 1343 3724; x_wconf 87' lang='lat' dir='ltr'>quot</span> <span class='ocrx_word' id='word_1_264' title='bbox 1356 3672 1492 3710; x_wconf 79' lang='lat' dir='ltr'>annorum</span> 
     </span>
     <span class='ocr_line' id='line_1_32' title="bbox 312 3741 1493 3812; baseline -0.002 -16"><span class='ocrx_word' id='word_1_265' title='bbox 312 3741 481 3796; x_wconf 81' lang='lat' dir='ltr'>decesserint</span> <span class='ocrx_word' id='word_1_266' title='bbox 501 3759 586 3810; x_wconf 89' lang='lat' dir='ltr'>usque</span> <span class='ocrx_word' id='word_1_267' title='bbox 608 3742 644 3795; x_wconf 85' lang='lat' dir='ltr'>sd</span> <span class='ocrx_word' id='word_1_268' title='bbox 663 3742 825 3805; x_wconf 70' lang='lat' dir='ltr'>trimatum</span> <span class='ocrx_word' id='word_1_269' title='bbox 845 3743 936 3797; x_wconf 88' lang='lat' dir='ltr'>minor</span> <span class='ocrx_word' id='word_1_270' title='bbox 954 3741 1038 3796; x_wconf 88' lang='lat' dir='ltr'>trimo</span> <span class='ocrx_word' id='word_1_271' title='bbox 1057 3759 1112 3796; x_wconf 89' lang='lat' dir='ltr'>non</span> <span class='ocrx_word' id='word_1_272' title='bbox 1124 3741 1238 3810; x_wconf 87' lang='lat' dir='ltr'>lugetur</span> <span class='ocrx_word' id='word_1_273' title='bbox 1251 3742 1298 3796; x_wconf 90' lang='lat' dir='ltr'>sed</span> <span class='ocrx_word' id='word_1_274' title='bbox 1318 3743 1493 3812; x_wconf 87' lang='lat' dir='ltr'>sublugetur‚</span> 
     </span>
     <span class='ocr_line' id='line_1_33' title="bbox 313 3829 1549 3900; baseline -0.001 -16"><span class='ocrx_word' id='word_1_275' title='bbox 313 3831 406 3886; x_wconf 89' lang='lat' dir='ltr'>minor</span> <span class='ocrx_word' id='word_1_276' title='bbox 426 3829 557 3885; x_wconf 84' lang='lat' dir='ltr'>anniculo</span> <span class='ocrx_word' id='word_1_277' title='bbox 576 3847 665 3899; x_wconf 89' lang='lat' dir='ltr'>neque</span> <span class='ocrx_word' id='word_1_278' title='bbox 684 3831 799 3900; x_wconf 87' lang='lat' dir='ltr'>lugetur</span> <span class='ocrx_word' id='word_1_279' title='bbox 817 3847 907 3899; x_wconf 91' lang='lat' dir='ltr'>neque</span> <span class='ocrx_word' id='word_1_280' title='bbox 919 3829 1095 3896; x_wconf 80' lang='lat' dir='ltr'>sublugetur.</span> <span class='ocrx_word' id='word_1_281' title='bbox 1113 3859 1148 3869; x_wconf 89' lang='lat'>-</span> <span class='ocrx_word' id='word_1_282' title='bbox 1166 3830 1194 3898; x_wconf 85' lang='lat'>3)</span> <span class='ocrx_word' id='word_1_283' title='bbox 1213 3829 1285 3884; x_wconf 83' lang='lat' dir='ltr'>Fest.</span> <span class='ocrx_word' id='word_1_284' title='bbox 1301 3829 1342 3896; x_wconf 86' lang='lat' dir='ltr'>[P.</span> <span class='ocrx_word' id='word_1_285' title='bbox 1352 3832 1415 3889; x_wconf 88' lang='grc'><strong>221)</strong></span> <span class='ocrx_word' id='word_1_286' title='bbox 1428 3829 1493 3882; x_wconf 81' lang='lat' dir='ltr'>Pur·</span> <span class='ocrx_word' id='word_1_287' title='bbox 1548 3880 1549 3883; x_wconf 76' lang='grc'>,</span> 
     </span>
     <span class='ocr_line' id='line_1_34' title="bbox 313 3916 1492 3990; baseline -0.002 -20"><span class='ocrx_word' id='word_1_288' title='bbox 313 3917 427 3990; x_wconf 87' lang='lat' dir='ltr'>rici[dii]</span> <span class='ocrx_word' id='word_1_289' title='bbox 448 3919 611 3985; x_wconf 82' lang='lat' dir='ltr'>quaestores</span> <span class='ocrx_word' id='word_1_290' title='bbox 631 3918 861 3988; x_wconf 80' lang='lat' dir='ltr'>appellabuntur,</span> <span class='ocrx_word' id='word_1_291' title='bbox 882 3917 930 3986; x_wconf 91' lang='lat' dir='ltr'>qui</span> <span class='ocrx_word' id='word_1_292' title='bbox 948 3917 1077 3972; x_wconf 83' lang='lat' dir='ltr'>solebant</span> <span class='ocrx_word' id='word_1_293' title='bbox 1095 3917 1183 3971; x_wconf 83' lang='lat' dir='ltr'>creari</span> <span class='ocrx_word' id='word_1_294' title='bbox 1204 3935 1289 3972; x_wconf 77' lang='lat' dir='ltr'>causo</span> <span class='ocrx_word' id='word_1_295' title='bbox 1307 3934 1399 3971; x_wconf 89' lang='lat' dir='ltr'>rerum</span> <span class='ocrx_word' id='word_1_296' title='bbox 1419 3916 1492 3985; x_wconf 79' lang='lat' dir='ltr'>capi-</span> 
     </span>
     <span class='ocr_line' id='line_1_35' title="bbox 312 4003 1492 4074; baseline -0.001 -16"><span class='ocrx_word' id='word_1_297' title='bbox 312 4005 416 4058; x_wconf 86' lang='lat' dir='ltr'>talium</span> <span class='ocrx_word' id='word_1_298' title='bbox 436 4004 669 4072; x_wconf 80' lang='lat' dir='ltr'>quaerendarum.</span> <span class='ocrx_word' id='word_1_299' title='bbox 705 4005 781 4060; x_wconf 82' lang='lat' dir='ltr'>Num</span> <span class='ocrx_word' id='word_1_300' title='bbox 800 4003 943 4074; x_wconf 79' lang='lat' dir='ltr'>parricida</span> <span class='ocrx_word' id='word_1_301' title='bbox 961 4021 1017 4058; x_wconf 90' lang='lat' dir='ltr'>non</span> <span class='ocrx_word' id='word_1_302' title='bbox 1036 4003 1133 4072; x_wconf 88' lang='lat' dir='ltr'>utique</span> <span class='ocrx_word' id='word_1_303' title='bbox 1152 4005 1182 4067; x_wconf 89' lang='lat' dir='ltr'>is,</span> <span class='ocrx_word' id='word_1_304' title='bbox 1202 4003 1251 4072; x_wconf 90' lang='lat' dir='ltr'>qui</span> <span class='ocrx_word' id='word_1_305' title='bbox 1264 4006 1411 4074; x_wconf 83' lang='lat' dir='ltr'>parentem</span> <span class='ocrx_word' id='word_1_306' title='bbox 1424 4004 1492 4059; x_wconf 86' lang='lat' dir='ltr'>occi·</span> 
     </span>
     <span class='ocr_line' id='line_1_36' title="bbox 313 4091 1493 4162; baseline 0 -18"><span class='ocrx_word' id='word_1_307' title='bbox 313 4092 413 4155; x_wconf 88' lang='lat' dir='ltr'>disset,</span> <span class='ocrx_word' id='word_1_308' title='bbox 439 4091 602 4157; x_wconf 80' lang='lat' dir='ltr'>dicebatur,</span> <span class='ocrx_word' id='word_1_309' title='bbox 629 4093 675 4148; x_wconf 88' lang='lat' dir='ltr'>sed</span> <span class='ocrx_word' id='word_1_310' title='bbox 695 4094 919 4162; x_wconf 81' lang='lat' dir='ltr'>qualemcunque</span> <span class='ocrx_word' id='word_1_311' title='bbox 946 4091 1085 4146; x_wconf 87' lang='lat' dir='ltr'>hominem</span> <span class='ocrx_word' id='word_1_312' title='bbox 1104 4091 1308 4146; x_wconf 82' lang='lat' dir='ltr'>indemnatum.</span> <span class='ocrx_word' id='word_1_313' title='bbox 1346 4091 1391 4145; x_wconf 83' lang='lat' dir='ltr'>Itu</span> <span class='ocrx_word' id='word_1_314' title='bbox 1410 4091 1493 4144; x_wconf 75' lang='lat' dir='ltr'>fuisse</span> 
     </span>
     <span class='ocr_line' id='line_1_37' title="bbox 312 4177 1493 4250; baseline 0.002 -18"><span class='ocrx_word' id='word_1_315' title='bbox 312 4179 421 4234; x_wconf 84' lang='lat' dir='ltr'>indicat</span> <span class='ocrx_word' id='word_1_316' title='bbox 447 4179 492 4232; x_wconf 83' lang='lat' dir='ltr'>lex</span> <span class='ocrx_word' id='word_1_317' title='bbox 513 4178 624 4234; x_wconf 83' lang='lat' dir='ltr'>Numae</span> <span class='ocrx_word' id='word_1_318' title='bbox 643 4180 776 4250; x_wconf 90' lang='lat' dir='ltr'>Pompilii</span> <span class='ocrx_word' id='word_1_319' title='bbox 801 4179 875 4248; x_wconf 91' lang='lat' dir='ltr'>regis</span> <span class='ocrx_word' id='word_1_320' title='bbox 900 4179 943 4232; x_wconf 89' lang='lat' dir='ltr'>his</span> <span class='ocrx_word' id='word_1_321' title='bbox 963 4179 1118 4247; x_wconf 85' lang='lat' dir='ltr'>compositu</span> <span class='ocrx_word' id='word_1_322' title='bbox 1136 4179 1241 4232; x_wconf 89' lang='lat' dir='ltr'>verbis:</span> <span class='ocrx_word' id='word_1_323' title='bbox 1271 4179 1301 4232; x_wconf 84' lang='lat' dir='ltr'>‘si</span> <span class='ocrx_word' id='word_1_324' title='bbox 1320 4177 1368 4248; x_wconf 92' lang='lat' dir='ltr'>qui</span> <span class='ocrx_word' id='word_1_325' title='bbox 1386 4177 1441 4234; x_wconf 68' lang='grc' dir='ltr'>σεῖ’</span> <span class='ocrx_word' id='word_1_326' title='bbox 1460 4209 1493 4218; x_wconf 96' lang='grc'>-</span> 
     </span>
     <span class='ocr_line' id='line_1_38' title="bbox 315 4265 1494 4336; baseline -0.003 -15"><span class='ocrx_word' id='word_1_327' title='bbox 315 4268 356 4336; x_wconf 80' lang='lat' dir='ltr'>Of.</span> <span class='ocrx_word' id='word_1_328' title='bbox 378 4267 441 4336; x_wconf 80' lang='lat' dir='ltr'>Lep.</span> <span class='ocrx_word' id='word_1_329' title='bbox 462 4266 540 4320; x_wconf 82' lang='lat' dir='ltr'>Rom.</span> <span class='ocrx_word' id='word_1_330' title='bbox 559 4271 600 4320; x_wconf 89' lang='grc'>12.</span> <span class='ocrx_word' id='word_1_331' title='bbox 621 4298 654 4304; x_wconf 99' lang='grc'>-</span> <span class='ocrx_word' id='word_1_332' title='bbox 674 4267 701 4330; x_wconf 88' lang='grc'>4)</span> <span class='ocrx_word' id='word_1_333' title='bbox 722 4267 768 4320; x_wconf 81' lang='lat' dir='ltr'>Itu</span> <span class='ocrx_word' id='word_1_334' title='bbox 787 4266 934 4320; x_wconf 78' lang='lat' dir='ltr'>erneuduuit</span> <span class='ocrx_word' id='word_1_335' title='bbox 952 4265 1079 4318; x_wconf 78' lang='lat' dir='ltr'>Huschke</span> <span class='ocrx_word' id='word_1_336' title='bbox 1095 4282 1146 4332; x_wconf 83' lang='lat' dir='ltr'>pro</span> <span class='ocrx_word' id='word_1_337' title='bbox 1166 4269 1195 4320; x_wconf 91' lang='lat' dir='ltr'>et</span> <span class='ocrx_word' id='word_1_338' title='bbox 1214 4266 1289 4318; x_wconf 82' lang='lat' dir='ltr'>netis</span> <span class='ocrx_word' id='word_1_339' title='bbox 1307 4269 1365 4320; x_wconf 87' lang='lat' dir='ltr'>eius</span> <span class='ocrx_word' id='word_1_340' title='bbox 1382 4266 1412 4319; x_wconf 92' lang='lat' dir='ltr'>in</span> <span class='ocrx_word' id='word_1_341' title='bbox 1431 4281 1494 4320; x_wconf 85' lang='lat' dir='ltr'>oau-</span> 
     </span>
    </p>
   </div>
   <div class='ocr_carea' id='block_1_8' title="bbox 225 4352 1493 4424">
    <p class='ocr_par' dir='ltr' id='par_1_10' title="bbox 225 4352 1493 4424">
     <span class='ocr_line' id='line_1_39' title="bbox 225 4352 1493 4424; baseline -0.004 -13"><span class='ocrx_word' id='word_1_342' title='bbox 225 4385 229 4388; x_wconf 94' lang='lat'>·</span> <span class='ocrx_word' id='word_1_343' title='bbox 314 4357 399 4412; x_wconf 89' lang='lat' dir='ltr'>tione.</span> <span class='ocrx_word' id='word_1_344' title='bbox 421 4386 455 4397; x_wconf 95' lang='lat'>-</span> <span class='ocrx_word' id='word_1_345' title='bbox 474 4357 500 4424; x_wconf 89' lang='grc'>5)</span> <span class='ocrx_word' id='word_1_346' title='bbox 521 4355 563 4424; x_wconf 76' lang='lat' dir='ltr'>Cf.</span> <span class='ocrx_word' id='word_1_347' title='bbox 583 4355 655 4409; x_wconf 79' lang='lat' dir='ltr'>Suu.</span> <span class='ocrx_word' id='word_1_348' title='bbox 675 4357 705 4408; x_wconf 82' lang='grc' dir='ltr'>ιἰι</span> <span class='ocrx_word' id='word_1_349' title='bbox 724 4355 797 4424; x_wconf 72' lang='lat' dir='ltr'>Verp.</span> <span class='ocrx_word' id='word_1_350' title='bbox 814 4370 902 4424; x_wconf 76' lang='grc' dir='ltr'>ρεοιρ.</span> <span class='ocrx_word' id='word_1_351' title='bbox 921 4357 1012 4420; x_wconf 81' lang='lat'><em>3,387:</em></span> <span class='ocrx_word' id='word_1_352' title='bbox 1034 4353 1110 4422; x_wconf 88' lang='lat' dir='ltr'>apud</span> <span class='ocrx_word' id='word_1_353' title='bbox 1131 4353 1249 4408; x_wconf 77' lang='lat' dir='ltr'>maiores</span> <span class='ocrx_word' id='word_1_354' title='bbox 1268 4352 1412 4408; x_wconf 86' lang='lat' dir='ltr'>homicidii</span> <span class='ocrx_word' id='word_1_355' title='bbox 1430 4368 1493 4422; x_wconf 86' lang='lat' dir='ltr'>poe·</span> 
     </span>
    </p>
   </div>
   <div class='ocr_carea' id='block_1_9' title="bbox 316 4440 1392 4510">
    <p class='ocr_par' dir='ltr' id='par_1_11' title="bbox 316 4440 1392 4510">
     <span class='ocr_line' id='line_1_40' title="bbox 316 4440 1392 4510; baseline -0.004 -12"><span class='ocrx_word' id='word_1_356' title='bbox 316 4462 384 4498; x_wconf 84' lang='lat' dir='ltr'>num</span> <span class='ocrx_word' id='word_1_357' title='bbox 403 4443 503 4498; x_wconf 86' lang='lat' dir='ltr'>noxius</span> <span class='ocrx_word' id='word_1_358' title='bbox 523 4442 620 4496; x_wconf 83' lang='lat' dir='ltr'>arietis</span> <span class='ocrx_word' id='word_1_359' title='bbox 642 4443 745 4499; x_wconf 84' lang='lat' dir='ltr'>damno</span> <span class='ocrx_word' id='word_1_360' title='bbox 763 4442 868 4505; x_wconf 82' lang='lat' dir='ltr'>luebat,</span> <span class='ocrx_word' id='word_1_361' title='bbox 888 4441 962 4510; x_wconf 89' lang='lat' dir='ltr'>quod</span> <span class='ocrx_word' id='word_1_362' title='bbox 981 4441 1011 4494; x_wconf 91' lang='lat' dir='ltr'>in</span> <span class='ocrx_word' id='word_1_363' title='bbox 1030 4458 1128 4509; x_wconf 85' lang='lat' dir='ltr'>regum</span> <span class='ocrx_word' id='word_1_364' title='bbox 1148 4441 1260 4509; x_wconf 82' lang='lat' dir='ltr'>legibus</span> <span class='ocrx_word' id='word_1_365' title='bbox 1279 4440 1392 4509; x_wconf 84' lang='lat' dir='ltr'>legitur.</span> 
     </span>
    </p>
   </div>
   <div class='ocr_carea' id='block_1_10' title="bbox 0 0 1712 5240">
    <p class='ocr_par' dir='ltr' id='par_1_12' title="bbox 0 0 1712 5240">
     <span class='ocr_line' id='line_1_41' title="bbox 0 0 1712 5240; baseline 0 0"><span class='ocrx_word' id='word_1_366' title='bbox 0 0 1712 5240; x_wconf 95' lang='lat' dir='ltr'> </span> 
     </span>
    </p>
   </div>
  </div>
 </body>
</html>
