3390 5246
305 389 369 452 252
702 383 855 451 Privilegin
875 383 1080 439 veteranorum.

303 563 450 630 enanplum
467 561 628 628 descriptum
646 565 670 612 et
688 561 717 612 in
731 559 851 626 formam
869 559 989 626 diptpcbi
1003 557 1144 610 redactum
1158 557 1339 625 dabatur,quo
1351 559 1394 610 ius
1406 573 1486 610 suurn.

302 650 435 718 probaret.
472 647 502 700 Ε
518 664 615 716 mapua
642 647 771 701 eiusmodi
790 647 968 714 diplomatum
987 647 1065 714 copia
1079 662 1130 712 per
1148 661 1237 698 omues
1255 647 1362 714 imperii
1378 646 1485 712 provin·

305 739 360 792 cias
384 738 503 805 dispersa
529 737 607 789 bodie
632 741 724 790 extant
742 735 779 788 ad
790 741 894 788 centum
911 735 942 786 in
960 733 1070 786 diversis
1087 725 1240 801 repionibus
1258 738 1369 800 reperta.
1413 731 1487 801 Quae

303 827 354 879 etsi
375 827 566 892 imperatorum
593 829 656 876 sunt
680 839 697 876 a
726 820 838 874 Claudio
863 805 946 888 usqne
972 820 1009 872 ad
1032 819 1243 882 Diocletianum,
1273 836 1332 872 cum
1358 825 1383 873 et
1408 836 1486 890 arpa·

305 918 392 966 menta
410 917 435 964 et
448 911 576 980 formulis
593 912 730 964 simillima
748 911 803 964 sint
820 911 891 962 inter
908 925 947 976 se,
974 908 1077 976 sufficit
1095 907 1210 960 duorum
1227 923 1360 976 peresum,
1388 907 1488 960 seilicet

304 1000 405 1053 ciuibus
423 999 547 1052 datorum
565 1005 590 1052 et
608 998 733 1051 dotorum
750 998 907 1066 praeprimis,
926 997 1033 1065 simp-ula
1051 996 1171 1063 exempla
1186 1011 1350 1064 proponere5
1368 996 1398 1048 iu
1417 995 1488 1047 notis
1508 987 1518 1002 ¹
1593 1024 1595 1028 .

306 1085 404 1147 adieci,
429 1087 455 1138 si
477 1103 545 1154 quae
567 1084 712 1139 occdrruut
740 1085 855 1138 minores
879 1084 1052 1151 differentiae.
1071 1111 1105 1120 -
1126 1081 1311 1136 Collectiouem
1328 1081 1411 1134 edidit
1427 1088 1488 1148 post

305 1173 374 1227 alios
388 1173 574 1240 plenissimam
592 1178 617 1225 et
635 1173 874 1238 accuratissimam,
895 1173 1082 1224 commentario
1104 1177 1185 1224 totam
1199 1187 1254 1224 rem
1266 1171 1419 1224 illustrante
1440 1169 1487 1222 ad-

305 1264 378 1327 iecto,
410 1259 465 1312 Mo.
484 1263 514 1312 iu
534 1260 562 1314 0.
581 1261 605 1314 1.
619 1259 651 1313 L.
671 1263 875 1326 3,2,843—919,·
903 1275 971 1328 quae
998 1259 1145 1326 diplomata
1169 1264 1266 1325 postca
1283 1259 1313 1310 iu
1332 1258 1415 1310 lucem
1423 1273 1487 1326 pro·

303 1348 510 1414 dierunt,.edita
527 1355 591 1401 sunt
608 1349 642 1400 ab
660 1348 753 1400 eodem
772 1348 801 1399 in
821 1347 933 1414 prem.
955 1347 1036 1414 epipr.
1056 1345 1107 1398 ool.
1126 1349 1204 1398 aab.

578 1497 594 1550 Ι.
622 1497 742 1564 nictans
763 1495 858 1550 militis
879 1494 1026 1562 percuriat,
1047 1509 1072 1550 a.
1096 1495 1123 1548 71
1146 1508 1169 1560 p.
1190 1493 1217 1550 b.

393 1620 423 1672 E
440 1620 544 1672 duabus
567 1619 672 1672 tabellis
691 1619 798 1672 ebarcis
821 1620 850 1670 iu
864 1617 984 1686 formam
1002 1617 1123 1686 diptpcbi
1138 1617 1260 1683 redactis,
1281 1634 1348 1685 quae
1369 1617 1487 1671 Salonas

306 1724 374 1761 saec.
395 1707 473 1760 XVI
491 1713 611 1774 repertae
633 1706 710 1758 bodie
734 1706 859 1759 Berolini
884 1707 913 1758 in
933 1707 1090 1760 bibliotheca
1108 1708 1182 1776 repia
1201 1705 1266 1774 [iam
1284 1709 1314 1759 in
1333 1709 1488 1774 antiquario

236 1823 238 1828 ·
306 1797 391 1850 musei
412 1797 480 1864 repii
506 1793 555 1848 Tu.
578 1792 624 1860 Μ.)
654 1794 845 1857 adservantur,
871 1795 919 1846 ubi
934 1794 991 1860 ipse
1009 1809 1053 1846 eas
1072 1793 1205 1861 descripsi.
1246 1793 1287 1861 Of.
1308 1794 1365 1847 Mo.
1382 1811 1410 1862 p.
1429 1796 1488 1846 853.

307 1882 440 1949 Aequales
458 1888 521 1934 secut
545 1888 570 1935 et
583 1882 677 1950 forma
695 1887 719 1935 et
738 1882 934 1950 mapnitudine,
961 1897 986 1932 a.
1007 1881 1096 1944 baar,
1125 1883 1141 1933 l.
1156 1883 1247 1945 ’0,128.
1286 1882 1340 1952 [De
1352 1882 1446 1949 jarina
1465 1888 1489 1934 et

306 1971 488 2040 rnapnitudine
510 1971 569 2024 aide
593 1971 754 2038 exemplaria
781 1970 907 2039 diptpebi,
925 1975 950 2022 ct
968 1969 1102 2037 triptpclrit
1121 1985 1189 2036 qaae
1207 1970 1269 2022 baie
1288 1969 1400 2022 editioni
1417 1985 1489 2023 ocae·

306 2058 402 2128 duut]:
430 2058 563 2125 orbiculi,
583 2059 679 2127 quibus
704 2059 808 2111 litterae
826 2075 851 2118 n,
871 2057 896 2116 b.
916 2074 940 2118 c,
959 2057 976 2108 d
996 2057 1149 2124 adscriptae
1168 2063 1245 2119 suut,
1272 2056 1342 2110 locos
1359 2056 1489 2116 indicant,

306 2147 403 2214 quibas
430 2147 536 2200 tabulae
555 2147 712 2218 perforatae
736 2151 809 2198 suut.
847 2144 900 2197 Per
913 2144 1057 2212 foramina
1076 2143 1094 2196 b
1113 2150 1138 2196 et
1157 2143 1174 2194 d
1193 2143 1243 2210 fila
1261 2144 1360 2197 aheneo
1379 2143 1404 2210 (e
1423 2149 1447 2196 et
1464 2143 1489 2211 f)

307 2235 389 2288 ducta
408 2240 479 2299 suut,
499 2235 596 2302 quibus
615 2234 722 2288 tabulae
745 2234 786 2286 ita
810 2233 1051 2300 couiunpebautur,
1076 2239 1107 2285 ut
1130 2232 1213 2292 libelli
1230 2232 1344 2284 duorum
1361 2231 1491 2299 foliorum

306 2324 361 2376 siue
380 2328 507 2389 quattuor
521 2323 685 2390 popinarum
703 2321 792 2374 instar
812 2323 908 2384 esseut,
927 2319 1063 2371 contiueat
1076 2325 1164 2372 autem
1173 2320 1321 2386 papr'rrae2
1339 2309 1391 2371 ets
1405 2320 1489 2386 scrip·

306 2417 396 2464 tnram
411 2411 574 2478 primariam
593 2407 753 2474 renidensque
771 2407 932 2470 interiorem,
947 2405 1081 2472 papiuai
1098 2406 1261 2472 scripturam
1280 2407 1435 2460 exteriorem
1446 2422 1489 2458 ac·

308 2507 399 2551 curate
417 2513 449 2550 eu
466 2498 591 2570 interiore
608 2495 754 2562 repetitam,
772 2494 900 2562 papinal
918 2494 996 2560 sipna
1014 2499 1039 2545 et
1050 2494 1217 2561 sipnatorum
1235 2495 1353 2550 uomina.
1393 2493 1490 2547 Clauso

307 2587 407 2639 seilicet
426 2585 513 2638 libello
531 2600 579 2652 per
592 2583 734 2651 foramina
755 2599 771 2640 a
790 2587 842 2634 etc
859 2581 958 2648 triplex
977 2582 1006 2646 (i.
1017 2598 1037 2634 e.
1057 2582 1201 2648 tripliciter
1212 2582 1324 2647 tortum)
1341 2580 1417 2646 filum
1430 2581 1492 2634 abe-

306 2689 386 2726 neum
403 2671 560 2733 ducebatur,
589 2673 634 2725 cui
652 2670 777 2737 collipato
801 2670 831 2720 in
847 2669 951 2735 popina
969 2672 984 2720 1
1001 2669 1079 2736 sipua
1097 2686 1115 2722 a
1131 2673 1228 2736 septem
1246 2669 1356 2722 testibus
1373 2669 1489 2736 impone-

307 2761 406 2813 bantur
429 2759 580 2812 nominibus
599 2758 722 2825 bipertito
743 2757 895 2823 adscriptis.
935 2755 1001 2808 Cum
1018 2756 1130 2808 similem
1144 2755 1265 2822 formam
1283 2757 1362 2808 etiam
1380 2757 1410 2808 iu
1429 2771 1489 2810 cou-

307 2853 441 2901 tractuum
465 2852 490 2899 et
514 2851 731 2898 testamentorum
757 2844 856 2896 tabulis
875 2844 969 2911 lipueis
987 2845 1082 2896 ceratis
1100 2849 1195 2896 calmes
1215 2844 1417 2910 observaverint,
1437 2844 1492 2897 uisi

307 2933 378 3002 qaod
395 2933 454 3001 filis
478 2933 566 2986 linteis
584 2934 613 2985 iu
633 2933 668 2986 iis
687 2933 840 2994 utebantur,
860 2932 1016 2986 illustratur
1033 2933 1095 2992 iude
1114 2933 1187 2986 locus
1206 2933 1286 2986 Paul.
1306 2939 1371 2986 sent.
1389 2935 1491 2998 5,25,6.·

309 3021 376 3077 ordo
402 3019 525 3074 decrevit
546 3009 582 3058 -'
599 3019 715 3074 tabulas
736 3050 767 3057 -
786 3019 829 3072 ita
848 3019 966 3088 signari,
992 3022 1024 3072 ui
1044 3019 1074 3072 in
1093 3037 1203 3073 summu
1221 3020 1358 3088 marginis
1378 3019 1413 3074 nd
1434 3036 1489 3073 me-

307 3107 382 3161 dium
402 3109 513 3176 partem
532 3106 697 3176 perforatae
717 3106 825 3177 triplici
844 3107 902 3162 lino
921 3107 1162 3176 constringantur,
1183 3110 1269 3176 atquo
1281 3107 1430 3178 impositae
1446 3125 1490 3160 su-

307 3213 360 3266 pra
379 3194 469 3248 linum
488 3211 567 3250 cerne
586 3195 668 3265 signa
688 3195 900 3265 imprimantur,
920 3197 952 3248 nt
966 3194 1097 3250 exteriori
1111 3195 1266 3264 scripturae
1280 3193 1362 3248 fidem
1372 3193 1489 3249 interior

306 3285 405 3338 servet.
445 3283 725 3351 CfiSnet.Ner.17.

395 3399 475 3484 Imp.
501 3399 616 3463 Cacsar
631 3397 847 3482 Vespasianus
867 3399 963 3482 Aug,
989 3401 1076 3480 pont.
1103 3395 1149 3480 (ἣ)
1173 3417 1267 3472 max„
1301 3401 1341 3460 tr.
1365 3401 1430 3480 poi.
1448 3385 1489 3474 II,

307 3506 481 3586 imperator
495 3503 551 3582 VI,
574 3528 604 3587 p.
623 3527 664 3586 p.,
689 3525 750 3567 cos.
769 3491 827 3581 III,
852 3502 951 3586 desig.
970 3501 1018 3587 (⁸)
1036 3489 1317 3578 IIIIJVcternnish
1335 3501 1389 3584 qui
1405 3501 1490 3564 mili-

307 3593 472 3674 taverunt*
502 3610 535 3672 in
571 3608 616 3693 (4)
649 3609 749 3672 classe
773 3606 961 3672 Ravennati
984 3608 1043 3670 sub
1068 3605 1139 3671 Sex.
1163 3606 1285 3671 Lucilio
1308 3603 1418 3685 Bassa,
1443 3605 1490 3690 (⁵)

307 3717 362 3798 qui
391 3737 466 3778 sena
497 3720 528 3778 et
549 3713 678 3778 vicena³
704 3713 864 3796 stipendia
887 3715 943 3776 aut
965 3713 1059 3796 plura
1084 3711 1130 3796 (ὃ)
1156 3709 1339 3776 meruerunt
1362 3715 1394 3774 a
1416 3717 1492 3774 sunt

307 3819 432 3884 deducti
455 3820 489 3882 in
513 3815 792 3901 Panno(⁷)niam⁴,
819 3839 953 3900 quorum
978 3817 1108 3881 nomina
1131 3818 1310 3899 subscripta
1335 3815 1381 3900 (⁸)
1406 3821 1489 3894 sunt,

391 3955 416 4024 1)
436 3957 470 4010 In
489 3958 551 4010 aliis
570 3953 652 4024 dipl:
670 3955 812 4024 equitibus
833 3959 861 4009 et
881 3954 1024 4024 peditibus
1043 3957 1083 4009 rel
1101 3955 1263 4010 trierarchis
1282 3957 1311 4008 et
1329 3955 1490 4023 remigibus,

307 4046 347 4100 ael
366 4042 497 4098 classicis.
532 4071 562 4082 ·-
590 4043 618 4110 2)
637 4042 672 4094 In
690 4043 767 4095 aliis:
795 4042 843 4109 qui
864 4041 1000 4096 militant.
1030 4071 1061 4080 -
1081 4042 1108 4111 3)
1128 4043 1163 4094 Iu
1181 4043 1298 4096 classicis
1316 4043 1492 4095 nominantur

305 4131 439 4202 stipendio
454 4130 515 4183 XX
522 4130 565 4182 VI
575 4131 731 4197 (posteriore
744 4134 831 4182 aetate
841 4127 904 4180 XX
910 4127 1006 4195 VIII),
1020 4130 1050 4181 in
1059 4129 1189 4182 militibus
1201 4128 1384 4182 auxiliaribus
1394 4127 1491 4196 XXV,

306 4208 336 4274 iu
355 4219 508 4288 lepioucriis
528 4217 597 4283 XX,
623 4218 652 4269 iu
668 4217 855 4284 praetorianis
875 4215 957 4268 XVI.
986 4247 1019 4256 -
1047 4216 1074 4286 4)
1092 4217 1129 4269 Iu
1145 4217 1221 4270 aliis:
1252 4219 1281 4271 et
1298 4218 1365 4269 sunt
1383 4215 1492 4268 dimissi

306 4308 425 4364 honesta
445 4304 583 4369 missione,
608 4305 648 4357 ael
667 4303 793 4358 emeritis
812 4306 841 4356 et
860 4302 982 4356 dimissis
1002 4305 1068 4357 hon.
1087 4303 1173 4364 miss..
1192 4305 1233 4357 ael
1251 4305 1413 4358 coniunctim
1431 4321 1491 4357 cunr

305 4394 488 4463 sequentibus:
505 4391 661 4458 honestum
685 4389 846 4445 missionem
866 4393 894 4444 st
912 4390 1057 4446 civitatem
1078 4390 1171 4453 ascia
1190 4392 1220 4444 iu
1238 4392 1301 4444 aliis
1319 4397 1424 4445 autem:
1442 4391 1492 4458 qm

307 4481 443 4544 militant,
463 4481 584 4534 -item
605 4477 726 4532 dimissis
746 4479 812 4534 hon.
835 4479 910 4533 miss.
