3400 5254
308 371 355 434 34
853 368 956 422 Festus.

312 571 424 614 saxum
447 570 573 633 quoque
595 549 713 612 raudus
736 547 901 632 appellant
923 555 1034 632 poetae
1057 587 1108 615 —-.
1157 549 1281 636 Vulgus
1309 553 1437 636 quidem
1459 556 1494 619 iu

312 677 373 720 usu
404 655 517 719 habuit
548 675 612 718 non
635 655 729 718 modo
752 676 810 736 pro
833 676 905 718 aere
928 654 1113 738 inperfecto,
1142 657 1262 720 -sed
1289 659 1402 722 etiam¹
1426 659 1494 744 sig·

313 765 400 839 nato,
423 761 500 844 quia
521 761 554 823 in
579 759 799 844 mancipando,
823 783 895 823 cum
911 760 1028 824 dicitur
1043 760 1227 824 ‘rudusculo
1243 762 1360 827 libram
1376 765 1493 842 ferito,

313 888 382 930 asse
404 867 551 950 tangitur
574 865 668 929 libra.
692 901 734 910 —
758 864 798 928 F.
823 871 903 929 265.

313 969 498 1055 Rogatio
522 977 586 1048 est,
619 992 690 1034 cum
714 971 850 1053 populus
873 969 1050 1034 consulitur
1072 971 1111 1034 de
1136 993 1199 1034 uno
1221 973 1406 1056 pluribusve
1429 973 1489 1038 ho-

315 1077 468 1152 minibus,
499 1077 584 1159 quod
616 1098 680 1153 non
704 1078 745 1140 ad
767 1076 871 1139 omnis
895 1077 1069 1158 pertineat,
1105 1081 1137 1140 et
1160 1077 1198 1141 de
1221 1101 1285 1141 una
1308 1079 1493 1162 pluribusve

313 1180 417 1258 rebus,
449 1181 628 1264 dequibus
659 1203 725 1244 non
748 1181 896 1244 omnibus
919 1181 1098 1244 sanciatur:
1129 1205 1203 1246 nam
1228 1185 1311 1267 quod
1334 1186 1369 1248 in
1393 1187 1497 1250 omnis

313 1286 458 1372 homines
488 1308 576 1350 resve
606 1287 743 1370 populus
773 1284 907 1364 scivit⁹‚
939 1287 989 1350 lex
1012 1287 1199 1370 appellatur.
1247 1289 1360 1374 Itaque
1383 1291 1496 1356 Gallus

316 1393 427 1456 Aelius
450 1391 512 1455 ait:
536 1391 633 1455 ‘inter
658 1393 762 1476 legem
787 1397 819 1456 et
834 1393 1035 1478 rogationem
1057 1392 1118 1456 hoc
1133 1395 1283 1457 interest:
1307 1397 1433 1479 rogatio
1449 1402 1497 1458 est

314 1518 414 1580 genus
437 1497 536 1583 legis:
566 1519 647 1581 quae
671 1497 732 1575 lex,
759 1519 823 1560 non
847 1499 999 1561 continuo
1022 1520 1059 1560 ea
1081 1500 1206 1584 rogatio
1228 1504 1292 1573 est;
1324 1500 1495 1584 [ropetiffi]

314 1623 379 1664 non
395 1606 502 1684 potest
516 1623 581 1666 non
599 1625 666 1667 csse
682 1603 743 1680 lex,
758 1603 786 1666 si
799 1603 892 1666 modo
906 1603 998 1667 iustis
1011 1603 1147 1666 comitiis
1160 1608 1274 1688 rogata
1285 1606 1353 1667 est'
1371 1605 1411 1668 F.
1419 1609 1495 1671 266.

315 1705 518 1790 Rupitias
542 1709 574 1771 in
597 1707 677 1772 XII⁴
702 1708 863 1794 significat
885 1710 1036 1772 damnum
1059 1709 1189 1772 dederit.
1234 1707 1275 1772 F.
1298 1713 1374 1774 265.

314 1810 426 1874 Ruta
458 1833 582 1877 caesa
613 1814 777 1888 dicuntur,
811 1837 893 1898 quae
924 1815 1071 1878 venditor
1103 1814 1310 1897 possessionis
1340 1815 1390 1877 sui
1416 1836 1486 1878 usus

314 1915 420 2000 gretia
442 1919 580 1982 concidit
603 1920 786 2002 ruendoquc
808 1919 975 1984 extraxitl.
1023 1919 1063 1983 F.
1087 1924 1167 1982 262.

313 2018 453 2088 Sacer
484 2045 576 2088 mons
605 2025 788 2108 appellatur
817 2029 906 2088 trans
931 2025 1101 2102 Anienem,
1135 2023 1231 2107 paulo
1254 2023 1341 2087 ultra
1363 2025 1493 2088 tertium

313 2125 497 2206 miliarium,
521 2129 605 2212 quod
629 2151 700 2193 eum
724 2131 844 2214 plebes,
868 2153 940 2194 cum
962 2129 1141 2194 secessisset
1166 2129 1356 2212 apatribus‚
1381 2131 1494 2193 creatis

313 2231 481 2316 tr(ibunis)
508 2233 609 2318 plebis
633 2236 688 2318 qui
712 2235 773 2300 sibi
796 2240 902 2299 essent
925 2235 1055 2313 auxilio,
1079 2235 1274 2298 discedentes
1297 2232 1365 2296 lovi
1384 2256 1494 2298 conse·

313 2343 492 2404 eraverunt.
542 2341 585 2402 At
613 2341 710 2404 homo
740 2361 827 2404 sacer
851 2341 878 2402 is
901 2344 966 2415 est,
999 2361 1093 2422 quem
1115 2338 1254 2421 populus
1277 2337 1431 2402 iudicavit
1453 2339 1495 2403 ob

313 2442 523 2520 maleficium;
548 2467 650 2528 neque
673 2443 722 2508 fas
746 2450 794 2508 est
820 2467 894 2508 eum
908 2443 1079 2520 immolari,
1102 2442 1156 2506 sed
1172 2443 1227 2526 qui
1243 2444 1366 2523 occidit,
1389 2444 1495 2524 parri·

314 2548 375 2610 cidi
397 2571 461 2613 non
485 2549 686 2626 damnatur⁰3
710 2571 785 2613 nam
804 2551 873 2632 lege
890 2548 1063 2612 tribunicia
1079 2547 1182 2631 prima
1198 2552 1345 2612 cavetur:
1371 2547 1496 2630 ‘siquis

314 2676 396 2730 eum,
421 2655 476 2738 qui
499 2677 535 2718 eo
559 2655 663 2737 plebei
685 2656 764 2719 scito
781 2677 869 2719 sacer
884 2656 940 2732 sit,
965 2654 1124 2730 occiderit,
1143 2655 1300 2736 parricida
1317 2676 1356 2718 ne
1371 2653 1422 2716 sit'
1442 2691 1497 2714 -.

315 2757 425 2823 Gallus
449 2761 558 2823 Aelius
581 2761 627 2824 ait
650 2783 774 2825 sacrum
798 2783 873 2839 esse,
902 2761 1122 2844 quodcumque
1148 2757 1253 2824 more²
1279 2763 1374 2843 atque
1397 2759 1492 2822 insti·

313 2865 385 2926 tuto
407 2864 547 2928 civitatis
570 2871 788 2930 consecratum
813 2867 871 2944 sit,
903 2867 968 2930 sive
992 2865 1079 2929 aedis
1102 2865 1173 2929 sive
1197 2887 1252 2928 ara
1275 2865 1341 2928 sive
1366 2864 1494 2948 signum

313 2967 379 3030 sive
410 2968 514 3033 locus⁸
546 2971 612 3034 sive
643 2973 776 3055 pecunie
807 2973 872 3037 sive
897 2973 973 3056 quid
997 2970 1099 3048 aliud,
1136 2971 1220 3054 quod
1244 2970 1291 3033 dis
1315 2969 1494 3033 dedicatum

313 3078 409 3158 atque
431 3079 649 3140 consecratum
664 3077 723 3149 sit;
749 3077 834 3161 quod
850 3081 958 3141 autem
977 3075 1111 3159 privati⁹
1129 3097 1204 3138 suae
1221 3074 1384 3157 religionis
1399 3095 1495 3137 causa

313 3178 434 3264 aliquid
457 3203 566 3244 earum
590 3203 695 3244 rerum
719 3184 777 3246 deo
800 3183 965 3258 dedicent,
998 3183 1029 3245 id
1054 3180 1218 3264 pontifices
1243 3178 1404 3242 Romanos
1428 3201 1494 3242 non

313 3284 493 3348 existimare
517 3307 649 3350 sacrum.
697 3288 742 3350 At
765 3288 790 3351 si
816 3311 879 3372 qua
896 3309 987 3351 sacra
1004 3288 1128 3370 privata
1145 3289 1293 3367 succepta
1309 3287 1394 3361 sunt,
1413 3305 1495 3366 quae

313 3411 351 3454 ex
373 3389 522 3452 instituto
553 3390 740 3472 pontificum
772 3396 857 3456 stato
890 3393 940 3456 die
969 3396 1024 3455 aut
1048 3395 1133 3454 certo
1158 3390 1226 3452 loco
1250 3388 1393 3452 facienda
1418 3391 1495 3467 sint,

313 3517 349 3557 ea
372 3515 461 3556 sacra
484 3493 638 3576 appellari
662 3500 827 3580 tamquam
850 3497 1049 3560 sacrificium.
1082 3493 1141 3558 Ille
1158 3494 1254 3571 locus,
1279 3493 1334 3557 ubi
1350 3514 1387 3556 ea
1402 3514 1493 3556 sacra

312 3598 439 3680 privata
460 3598 605 3662 facienda
628 3604 713 3678 sunt,
738 3601 791 3664 vix
816 3601 943 3665 videtur
968 3623 1055 3664 sacer
1078 3621 1154 3664 esse.
1201 3599 1241 3662 F.
1270 3602 1342 3662 318.

385 3753 411 3819 l)
430 3769 480 3820 pro
498 3754 549 3806 tos.
561 3753 633 3807 Moe.
652 3760 749 3808 contra
766 3755 821 3808 cod.
842 3785 877 3796 -
895 3754 922 3822 2)
942 3755 1011 3808 civit
1029 3754 1085 3808 cod.
1104 3784 1139 3792 -
1158 3754 1185 3819 3)
1200 3750 1312 3820 rogatio
1325 3766 1373 3804 om.
1385 3751 1442 3804 cod.
1459 3781 1495 3792 -

311 3838 339 3901 4)
358 3837 403 3892 Sic
415 3838 511 3905 codem
529 3841 697 3894 scribendum
708 3842 799 3910 repsit
811 3842 841 3895 in
853 3842 918 3904 Xl[;
938 3843 973 3909 cs.
986 3847 1048 3896 tom.
1060 3841 1112 3909 lp.
1126 3844 1162 3894 29
1180 3839 1232 3892 tat.
1251 3837 1358 3904 V111,5.
1385 3838 1493 3892 Paulae

309 3943 337 3994 p.
357 3929 424 3980 264.-
454 3925 562 3994 rupitia
580 3927 714 3982 damnum
734 3929 843 3984 dederit
861 3929 1011 3998 significat.
1038 3958 1070 3967 -
1088 3928 1116 3994 5)
1137 3925 1275 3982 contruxit
1293 3925 1367 3992 cod.,·
1394 3926 1493 3980 emend.

312 4014 383 4082 Aopa
402 4043 434 4052 -
454 4014 481 4083 6)
501 4014 588 4068 Macr.
607 4022 657 4070 sat.
676 4020 758 4085 3,7,5.·
778 4016 829 4071 hoc
848 4018 908 4072 loco
926 4033 983 4070 non
1003 4015 1126 4069 alienum
1146 4013 1259 4066 videtur
1280 4011 1314 4068 de
1332 4011 1494 4068 condicione

253 4109 259 4122 '
312 4116 406 4156 eorum
424 4101 569 4157 hominum
588 4104 701 4168 referre,
729 4121 797 4173 quos
819 4105 894 4172 leges
914 4119 1005 4157 sacros
1026 4119 1083 4157 esse
1101 4101 1187 4156 certis
1206 4100 1260 4154 diis
1279 4099 1397 4164 iubent,
1426 4101 1495 4168 quia

311 4204 367 4242 non
385 4187 484 4256 ignoro
502 4189 670 4258 quibusdam
689 4192 792 4246 mirum
814 4191 908 4256 videri,
927 4189 1010 4260 quod,
1030 4190 1092 4245 cum
1111 4193 1207 4245 cetera
1228 4203 1308 4242 sacra
1326 4186 1427 4241 violari
1447 4205 1495 4242 ne-

312 4275 354 4328 fas
372 4274 424 4344 sit,
449 4277 590 4333 hominem
609 4296 718 4333 sacrum
736 4281 779 4333 ius
799 4278 886 4334 fuerit
905 4266 1009 4341 occidi;
1037 4277 1115 4330 cuius
1134 4277 1173 4330 roi
1193 4291 1278 4330 causa
1296 4275 1366 4328 haec
1382 4277 1425 4327 est
1445 4282 1493 4329 cet.

312 4391 342 4401 -
364 4365 391 4431 7)
408 4381 581 4434 quocumque
600 4367 681 4422 modo
700 4367 764 4434 cod,
793 4368 890 4422 emend.
911 4366 1078 4420 Lachmann.
1112 4395 1142 4405 -
1170 4365 1198 4433 8)
1218 4365 1310 4418 locum
1329 4363 1387 4416 cod
1409 4389 1442 4401 —
1464 4365 1493 4432 9)

312 4449 431 4518 privatis
450 4452 508 4506 cod.
