3386 5240
300 319 340 432 lt
712 365 798 433 Leges
815 362 870 417 XII
888 364 1061 418 tabularum.

299 543 391 628 (21‚2
407 543 431 626 ε)
456 579 496 590 -
521 541 603 606 scta
625 541 718 618 fiunt,
741 538 787 603 ‘ut
809 560 912 623 neque
934 513 1056 601 tribuni
1079 538 1182 623 legem
1197 562 1234 604 eo
1249 563 1332 604 anno
1348 541 1482 620 ferrent,

299 645 413 732 neque’
434 653 484 712 cet.
532 646 652 731 (24,7;)
677 683 717 692 -
742 644 866 708 tribuni
889 642 979 724 (295)
1003 680 1044 689 —
1069 643 1199 707 comitia
1222 648 1403 727 quaestores
1418 646 1478 710 ha·

299 753 373 817 bere
396 753 434 816 de
461 773 515 816 reo
534 749 703 832 (Volscio),
727 749 790 812 nisi
811 749 901 832 prius
924 747 1036 812 habita
1056 748 1093 812 de
1109 748 1178 834 lege
1194 753 1307 828 essent,
1330 772 1479 834 passuros

299 857 470 942 negabant.
495 847 498 854 ’
518 856 638 939 (25,1;)
667 853 876 917 -consules
911 851 988 916 facti
1023 852 1113 936 (296)
1141 854 1218 917 duas
1241 855 1382 919 residuas
1405 878 1478 920 ann.

298 962 414 1046 prioris
438 983 549 1024 causas
576 962 775 1042 exceperunt,
798 995 843 1006 —-
867 959 990 1040 (25,2;)
1017 959 1118 1042 legem
1143 996 1184 1004 —
1200 960 1416 1042 impediebant
1426 997 1479 1023 —-.

298 1066 420 1152 (25,4;)
445 1067 525 1131 Cum
539 1062 713 1150 Verginius
735 1062 872 1129 maxime
894 1084 933 1126 ex
948 1063 1087 1127 tribunis
1104 1064 1141 1128 de
1158 1063 1229 1148 lege
1247 1055 1369 1149 ageret,
1382 1066 1479 1130 duum

297 1193 442 1236 mensum
465 1169 605 1253 spatium
629 1167 812 1232 consulibus
835 1168 946 1230 datum
975 1172 1024 1231 est
1048 1169 1087 1230 ad
1110 1169 1339 1252 inspiciendam
1364 1169 1478 1254 legem,

298 1281 345 1354 ut,
369 1298 440 1339 cum
464 1273 663 1340 edocuissent
686 1272 849 1355 populum,
874 1271 950 1354 quid
973 1271 1096 1338 fraudis
1114 1273 1256 1338 occultae
1271 1273 1417 1352 ferretur,
1434 1274 1478 1336 si-

299 1383 413 1446 nerent
436 1378 548 1443 deinde
570 1377 761 1462 suffragium
784 1377 872 1440 inire.
919 1375 989 1440 Hoc
1011 1378 1176 1441 intervalli
1200 1379 1307 1442 datum
1326 1401 1375 1442 res
1391 1382 1478 1442 tran-

300 1485 417 1570 quillas
440 1486 473 1548 in
497 1483 576 1547 urbe
598 1483 684 1547 fecit:
731 1482 852 1562 (aaa)
884 1481 1035 1546 Extremo
1059 1504 1143 1546 anno
1168 1482 1326 1566 agitatum
1348 1483 1387 1546 de
1410 1483 1479 1567 lege

299 1592 339 1655 ab
371 1588 510 1654 tribunis
541 1594 606 1666 est;
641 1589 759 1652 sed-
784 1589 923 1672 nequid
951 1587 1090 1652 ferretur
1125 1590 1164 1653 ad
1187 1589 1340 1672 populum
1373 1593 1479 1672 patres

298 1699 437 1760 teuume.
485 1694 600 1780 (30,1:)
625 1693 784 1758 -initio
816 1694 891 1757 anni
916 1693 1025 1775 (297),
1057 1716 1129 1758 cum
1161 1692 1240 1756 foris
1263 1692 1364 1756 otium
1387 1698 1478 1772 esset,

300 1801 385 1864 domi
409 1799 578 1863 seditiones
603 1836 644 1846 —
669 1799 778 1862 eadem
801 1799 852 1862 lex
867 1797 1014 1877 faciebat,
1040 1799 1168 1882 (30,2):
1193 1798 1389 1881 ulteriusque
1406 1821 1479 1862 ven·

299 1911 369 1969 tum
394 1905 488 1982 foret,
512 1905 589 1968 adeo
614 1909 797 1968 exarserant
814 1903 923 1984 animi,
940 1905 973 1968 ni
997 1911 1047 1970 cet.
1087 1901 1203 1986 (31,1:)
1228 1901 1322 1966 Domi
1337 1903 1480 1986 forisque

301 2010 403 2074 otium
428 2010 491 2074 fuit
514 2007 618 2092 (298).
642 2047 682 2056 -
709 2009 828 2092 (31,2;)
853 2014 1004 2093 sequente
1027 2033 1110 2074 anno
1135 2009 1226 2094 (299)
1248 2009 1352 2093 legem
1376 2008 1479 2072 omni·

299 2113 361 2188 bus
384 2115 586 2179 contionibus
617 2115 683 2178 suis
710 2114 871 2179 celebrant
895 2114 1054 2198 (tribuni).
1077 2151 1120 2161 -
1146 2113 1260 2199 (31,6;)
1294 2112 1382 2197 (novi
1405 2134 1480 2176 con-

300 2219 396 2304 sules)
428 2220 622 2284 aiebant-
645 2218 778 2303 ‘plebem
810 2224 841 2284 et
864 2220 1011 2284 tribunos
1043 2219 1147 2305 legem
1178 2219 1261 2283 ferre
1284 2241 1349 2283 non
1372 2213 1480 2302 posse'.

299 2326 420 2407 (31,7:)
452 2323 533 2388 Tum
565 2325 687 2389 abiecta
711 2325 795 2408 lege,
829 2346 910 2408 quae
943 2325 1149 2408 promulgata
1173 2328 1390 2401 consenuerat,
1422 2323 1481 2386 tri·

299 2431 377 2493 buni
403 2430 504 2493 lenius
528 2451 621 2513 agere
643 2451 714 2494 cum
738 2429 899 2512 patribus:
923 2427 1028 2493 ‘finem
1052 2429 1183 2493 tandem
1207 2429 1416 2492 certaminum
1430 2426 1481 2490 fa-

299 2539 416 2614 cerent,
440 2571 481 2582 -
506 2533 717 2598 communiter
739 2534 848 2618 legum
871 2535 987 2598 latores
1011 2538 1042 2597 et
1059 2555 1097 2596 ex
1113 2533 1207 2616 plebe
1224 2539 1255 2597 et
1271 2556 1309 2598 ex
1324 2533 1480 2616 patribus,

255 2685 257 2692 ·
302 2639 357 2723 qui
382 2639 526 2722 utrisque
550 2639 643 2702 utilia
667 2639 788 2702 ferrent
812 2661 954 2722 quaeque
978 2639 1162 2724 aequandae
1185 2639 1344 2704 libertatis
1368 2642 1481 2716 essent,

303 2743 444 2807 sinerent
466 2741 586 2808 creari,³
631 2742 749 2826 (31,8:)
774 2740 854 2806 Rem
876 2763 940 2806 non
965 2743 1242 2826 adspernabantur
1257 2747 1373 2826 patres,
1397 2743 1482 2806 latu-

299 2871 371 2912 rum
394 2847 481 2931 leges
504 2848 663 2912 nemiuem
686 2847 748 2910 nisi
772 2869 810 2912 ex
826 2848 980 2930 patribus,
1006 2846 1144 2912 aiebant.
1195 2848 1277 2911 Cum
1301 2849 1339 2911 de
1357 2846 1481 2931 legibus

249 2979 251 2989 ·
300 2953 494 3030 conveniret,
527 2952 690 3017 delatore
713 2955 839 3016 tantum
863 2953 1064 3037 discreparet,
1098 2953 1188 3016 missi
1215 2951 1315 3036 legati
1337 2951 1481 3015 Athenas

299 3056 352 3141 Sp.
377 3056 561 3121 Postumius
578 3056 691 3136 Albus,
718 3057 755 3123 A.
769 3057 919 3136 Manlius,
944 3057 979 3122 P.
994 3056 1153 3141 Sulpicius
1167 3055 1364 3134 Camerinus,
1388 3055 1481 3119 iussi-

300 3185 361 3248 que
393 3161 521 3226 inclitas
553 3161 639 3246 leges
670 3160 795 3225 Solonis
818 3162 994 3226 describere
1025 3165 1057 3226 et
1080 3161 1217 3225 aliarum
1244 3160 1381 3226 Graecae
1404 3160 1481 3225 civi·

300 3267 417 3332 tatium
433 3266 583 3330 instituta
598 3289 701 3330 mores
717 3267 850 3350 iuraque
866 3288 1002 3330 noscere.
1037 3266 1158 3350 (32,1:)
1177 3303 1217 3313 -
1239 3265 1364 3349 quietus
1381 3284 1482 3327 annus

301 3373 392 3456 (301)
417 3411 457 3421 —-
482 3373 609 3436 silentio
633 3372 844 3452 tribunorum,
870 3372 953 3454 quod
976 3409 1018 3418 —-
1043 3372 1235 3456 legatorum,
1259 3370 1314 3453 qui
1337 3366 1481 3432 Athenas

299 3479 412 3555 ierant,
442 3478 612 3561 legumque
628 3478 867 3561 peregrinarum
884 3477 1077 3560 exspectatio
1093 3475 1250 3560 praebuit.
1267 3511 1310 3522 -
1327 3469 1479 3556 (32,6.7:)

299 3581 367 3646 lam
397 3583 489 3664 (302)
523 3583 683 3647 redierant
710 3582 810 3666 legati
841 3604 911 3646 cum
935 3582 1053 3646 Atticis
1076 3581 1212 3664 legibus.
1258 3579 1306 3642 Eo
1328 3576 1482 3642 intentius

301 3685 467 3750 instabant
490 3687 622 3765 tribuni,
648 3691 684 3749 nt
707 3688 835 3750 tandem
859 3686 1096 3749 scribendarum
1114 3684 1222 3770 legum
1237 3683 1367 3747 initium
1382 3681 1480 3746 fieret.

299 3789 412 3854 'Placet
435 3791 535 3854 creari
552 3788 668 3853 Xviros
692 3789 759 3854 sine
775 3789 1009 3873 provocatione,
1034 3793 1066 3853 et
1090 3810 1130 3852 ue
1154 3790 1224 3872 quis
1248 3811 1284 3852 eo
1301 3809 1384 3851 auno
1401 3786 1482 3850 alius

304 3895 513 3980 magistratus
547 3897 637 3958 esset.
689 3893 989 3957 Admiscerenturne
1021 3893 1141 3977 plebei,
1177 3893 1392 3958 controversia
1424 3888 1483 3954 ali-

303 4000 454 4082 quamdiu
477 3998 559 4081 fuit{;
589 4003 749 4082 postremo
779 4018 960 4061 concessum
988 3997 1142 4080 patribus.
1169 4035 1207 4045 —-
1235 3996 1354 4081 (33,1:)
1388 3993 1483 4057 Anno

303 4105 529 4172 trecentesimo
552 4105 662 4182 altero,
687 4126 782 4187 quam
798 4103 926 4167 condita
942 4102 1045 4166 Roma
1060 4106 1137 4180 erat,
1160 4139 1204 4150 -
1220 4105 1364 4166 mutatur
1380 4099 1484 4163 forma

302 4209 442 4274 civitatis
474 4211 514 4274 ab
539 4211 722 4275 consulibus
752 4210 790 4272 ad
813 4207 939 4274 Xuiros.
963 4244 1007 4254 -
1031 4208 1153 4290 (3332)
1189 4203 1365 4270 Decemviri
1387 4203 1483 4267 creati

302 4315 427 4400 Appius
457 4315 608 4381 Claudius
640 4320 690 4380 cet.
715 4351 759 4362 —
791 4315 876 4396 (34,1
889 4311 910 4398 τ)
943 4313 1027 4377 Tum
1051 4312 1143 4396 (303)
1167 4311 1292 4396 legibus
1315 4307 1484 4372 condendis

204 4508 208 4513 Ι
304 4442 400 4504 opera
424 4421 577 4497 dabatur3
602 4419 790 4505 ingentique
813 4418 980 4483 hominum
1003 4416 1239 4500 exspectatione
1260 4411 1432 4497 propositis
1454 4408 1484 4473 X
