3400 5250
670 409 771 464 Edicta
787 412 961 480 praetorum.
1352 410 1417 475 223

322 611 346 652 e.
367 579 431 651 ¹De
454 587 523 651 loco
546 587 674 670 publico
692 584 839 650 fruendo.
874 587 944 662 Quo
959 587 1065 650 minus
1081 587 1149 650 loco
1164 585 1304 669 publico,
1319 605 1415 668 quem

235 693 277 770 is,
301 692 351 755 cui
374 692 499 755 locandi
522 691 572 755 ins
595 690 708 770 fuerit,
740 691 910 755 fruendum
935 691 1030 756 alicui
1054 692 1185 768 locavit,
1209 690 1239 754 ei
1261 690 1317 774 qui
1339 711 1415 754 con·

236 796 328 860 duxit
350 796 475 862 sociove
497 798 565 861 eius
589 819 606 861 e
630 797 701 882 lege
723 797 892 861 locationis
916 795 982 861 frui
997 796 1101 874 liceat,
1119 795 1183 859 vim
1197 795 1267 859 fieri
1284 791 1383 859 veto¹.

322 900 346 964 f.
370 899 418 963 De
442 900 493 963 via
516 900 647 983 publica
671 906 702 965 et
725 901 842 965 itinere
865 901 994 984 publico
1009 899 1189 966 reficiendo.
1227 897 1296 974 Quo
1312 899 1419 963 minus

236 1006 284 1069 illi
308 1007 392 1069 viam
417 1007 577 1090 publicam
608 1006 708 1070 iterve
731 1003 896 1089 publicum
921 1007 1042 1090 aperire
1065 1005 1193 1070 reficere
1216 1005 1321 1082 liceat,
1345 1005 1421 1068 dum

236 1133 275 1174 ne
298 1133 334 1174 ea
358 1111 410 1200 via
432 1110 504 1175 idve
526 1111 588 1174 iter
609 1111 751 1175 deterius
777 1111 845 1188 fiat,
870 1112 934 1174 vim
957 1109 1027 1176 fieri
1052 1109 1152 1174 veto².

324 1221 354 1280 4.
386 1215 442 1280 De
465 1215 732 1279 fluminibus.
780 1237 807 1278 a.
831 1213 883 1279 Ne
906 1216 982 1300 quid
1005 1216 1039 1279 iu
1066 1216 1195 1279 llumine
1217 1213 1345 1297 publico
1369 1215 1413 1276 ri·
1439 1229 1502 1267 uas.

237 1342 316 1404 pave
339 1321 406 1384 eius
429 1320 496 1398 fiat,
522 1342 585 1403 quo
610 1321 698 1404 peius
716 1320 897 1404 navigetur.
936 1317 986 1384 Ne
1003 1321 1078 1404 quid
1094 1320 1128 1382 in
1145 1318 1277 1382 flumine
1293 1318 1421 1402 publico

237 1426 346 1508 ripave
375 1424 442 1488 eius
470 1424 570 1488 facias
601 1447 679 1489 neve
712 1425 790 1509 quid
818 1425 852 1488 in
876 1423 1007 1490 flumine
1037 1424 1166 1508 publico
1193 1445 1272 1488 neve
1294 1424 1328 1488 in
1351 1425 1420 1507 ripa
1503 1435 1506 1443 “

237 1529 303 1593 eius
326 1529 495 1605 immittas,
520 1551 583 1612 quo
605 1531 704 1594 statio
727 1531 831 1593 iterve
853 1529 983 1612 navigio
1007 1527 1145 1593 deterior
1168 1529 1210 1592 ait
1230 1527 1315 1592 fiae.

325 1634 355 1697 b.
394 1634 484 1710 Quod
507 1633 696 1698 influmine
719 1635 848 1718 publico
872 1635 981 1718 ripave
1004 1635 1071 1698 eiua
1095 1633 1233 1698 factum⁴
1257 1635 1323 1699 sive
1345 1635 1421 1718 quid

236 1741 271 1803 in
302 1739 336 1802 id
366 1739 537 1804 flumen
511 1762 656 1823 ripamve
679 1743 745 1804 eius
768 1740 946 1804 immissum
969 1739 1082 1818 habes,
1115 1761 1178 1823 quo
1201 1739 1298 1804 statio
1321 1740 1421 1804 iterve

238 1844 367 1928 navigio
392 1843 579 1907 deterior
555 1849 598 1908 sit
584 1846 687 1923 t‚fiat
712 1844 890 1910 restituas⁶.

327 1947 438 2012 cNe
462 1949 577 2032 quid
568 1973 601 2012 ιιι
619 1949 757 2013 flumine
788 1949 998 2032 publicot
940 1950 998 2013 fiat
999 1971 1094 2032 quo
1118 1949 1212 2013 aliter
1235 1971 1318 2032 aqua
1341 1949 1422 2014 fluat

239 2061 334 2138 atque
365 2054 415 2117 uti
450 2054 556 2136 priore
587 2058 709 2118 aestate
736 2055 841 2118 fluxit.
886 2054 925 2117 ln
947 2053 1079 2116 flumine
1106 2051 1329 2136 publicumve
1352 2055 1422 2139 ripa

238 2159 305 2223 eius
328 2158 433 2222 facere
458 2163 514 2221 aut
538 2161 569 2221 in
596 2158 628 2221 id
651 2159 768 2222 flumen
793 2158 935 2240 ripamve
958 2156 1025 2220 eius
1041 2156 1226 2233 immittere,
1250 2178 1313 2239 quo
1329 2157 1423 2223 aliter

240 2285 323 2347 aqua
346 2262 436 2339 fluat,
463 2285 559 2345 quam
582 2263 690 2346 priore
714 2265 834 2327 aestate
856 2261 959 2337 fiuxit,
984 2259 1085 2324 velot

327 2367 354 2432 d.
392 2366 484 2442 Quod
512 2368 546 2430 in
569 2366 700 2430 flumine
733 2366 861 2450 publico
888 2367 998 2450 ripave
1021 2365 1089 2429 eius
1111 2365 1231 2429 factum
1255 2367 1322 2432 sive
1344 2369 1421 2452 quid

239 2474 272 2535 in
297 2473 332 2536 id
354 2473 472 2536 flumen
497 2472 639 2555 ripamve
663 2471 730 2536 eius
753 2471 932 2536 immissum
956 2471 1064 2548 habas,
1081 2470 1109 2533 si
1125 2468 1166 2534 ob
1182 2469 1213 2534 id
1231 2471 1324 2536 aliter
1340 2497 1422 2558 aqua

239 2576 321 2652 fluit,
346 2581 443 2661 atque
465 2575 514 2640 uti
536 2575 642 2660 priore
664 2581 786 2641 aestate
810 2577 915 2656 fluxit,
939 2573 1116 2640 restituas⁷.
1333 2559 1337 2565 ⁵

280 2733 281 2738 ,
327 2704 352 2747 e.
389 2681 435 2746 Ut
457 2682 491 2746 in
513 2682 644 2746 flumine
666 2683 798 2765 publico
821 2684 974 2768 navigare
998 2683 1101 2746 liceat.
1149 2683 1220 2758 Quo
1245 2681 1349 2746 minus
1372 2684 1421 2747 illi

239 2786 271 2849 in
296 2785 428 2850 flumine
450 2786 579 2869 publico
602 2808 716 2851 navem
739 2793 841 2852 ratem
864 2809 959 2873 agere
982 2809 1085 2871 quove
1108 2786 1213 2850 minus
1237 2809 1293 2870 per
1318 2789 1421 2872 ripam

240 2891 306 2955 eius
329 2912 461 2954 onerare
484 2912 656 2955 exonerare
679 2892 784 2971 liceat,
807 2893 872 2957 vim
888 2893 958 2957 fieri
974 2897 1054 2956 veto.
1087 2893 1175 2968 item,
1191 2895 1229 2955 ut
1245 2914 1301 2976 per
1316 2893 1419 2958 lacum

239 2993 359 3059 fossam
382 2999 533 3079 stagnum
556 2993 721 3078 publicum
744 2998 898 3082 navigare
918 3000 1021 3074 liceat,
1045 2996 1260 3060 interdicam⁸.

283 3134 284 3138 =
327 3099 349 3162 f.
385 3098 434 3162 De
456 3100 526 3182 ripa
560 3101 741 3165 munienda.
788 3101 858 3178 Quo
880 3103 986 3166 minus
1013 3101 1064 3166 illi
1088 3101 1121 3163 in
1145 3100 1276 3165 flumine
1298 3104 1426 3185 publico

240 3204 349 3286 ripave
373 3204 441 3266 eius
466 3225 547 3287 opus
570 3205 675 3268 facere
700 3205 788 3288 ripae
810 3207 921 3292 agrive
945 3206 1000 3290 qui
1023 3205 1106 3268 circa
1128 3204 1232 3287 ripam
1249 3211 1298 3270 est
1313 3210 1423 3272 tuendi
1456 3197 1459 3208 ’

240 3329 336 3371 causa
359 3307 464 3385 liceat,
489 3308 565 3373 dum
591 3331 631 3372 ne
654 3309 694 3372 ob
717 3309 750 3372 id
772 3311 937 3396 navigatio
954 3309 1091 3374 deterior
1106 3310 1174 3389 fiat,
1197 3312 1224 3374 si
1239 3311 1300 3374 tibi
1316 3312 1423 3376 damni

240 3412 351 3476 inlecti
374 3413 408 3476 in
433 3435 533 3478 annos
556 3415 665 3477 decem
688 3413 749 3476 viri
772 3414 848 3478 boni
864 3415 1023 3478 arbitratu
1050 3416 1098 3480 vel
1113 3419 1244 3479 cautum
1258 3416 1308 3478 vel
1325 3416 1421 3480 satis·
1449 3479 1452 3486 ,

242 3517 353 3580 datum
385 3522 434 3581 est
457 3523 514 3582 aut
542 3517 717 3602 perillum
740 3539 804 3582 non
827 3523 905 3596 stat,
939 3542 1001 3603 quo
1025 3519 1130 3584 minus
1154 3521 1215 3584 viri
1239 3521 1313 3584 boni
1337 3521 1423 3584 arbi·

241 3626 330 3685 tratu
353 3627 504 3686 caveatur
529 3623 577 3686 vel
604 3623 737 3687 satisdet
723 3626 787 3699 t‚ur
811 3625 876 3688 vim
896 3624 968 3760 fioeri
993 3624 1093 3688 veto⁹.

331 3725 365 3789 5:
396 3725 452 3790 De
476 3728 516 3790 vi
539 3731 579 3791 et
601 3728 646 3792 de
669 3729 709 3792 vi
733 3734 897 3794 armata
979 3728 1157 3795 aUnde'
1148 3753 1182 3794 ιιι
1198 3730 1258 3794 hoc
1281 3753 1365 3796 anno
1388 3736 1425 3796 tu
1446 3729 1510 3809 ᾙΞὲζ

241 3829 331 3894 illum
357 3831 389 3893 vi
412 3832 551 3896 deiecisti
575 3839 632 3897 aut
654 3834 814 3899 familiat
800 3840 857 3900 tua
879 3837 1028 3915 deiecit¹¹‚
1060 3857 1132 3899 cum
1155 3836 1210 3900 ille
1236 3839 1424 3920 possideret

242 3935 327 4018 quod
349 3956 407 3998 nec
429 3935 462 3998 vi
484 3957 542 4000 nec
564 3939 646 4002 clam
669 3961 726 4003 nac
748 3943 890 4023 precario
913 3963 932 4004 a
954 3945 986 4005 te
1008 3942 1185 4025 possideret
1199 3938 1244 4020 ¹²,
1277 3963 1313 4006 eo
1335 3943 1428 4006 illum

315 4074 339 4142 1)
359 4073 396 4126 D.
415 4076 476 4140 43‚9
494 4074 568 4127 rubr.
587 4079 644 4126 etl
659 4091 702 4142 pr.
722 4105 755 4114 —
775 4075 802 4144 2)
820 4073 860 4129 D.
873 4079 949 4143 43,11
966 4075 1040 4130 rubr.
1059 4083 1083 4129 et
1101 4081 1116 4130 1
1130 4093 1176 4145 pr.
1196 4107 1229 4116 -
1249 4078 1276 4144 3)
1295 4075 1335 4130 D.
1350 4080 1428 4143 4532?

241 4159 314 4213 rubr.
334 4166 359 4214 et
378 4165 391 4213 1
408 4177 449 4228 pr.
469 4191 502 4200 -
521 4162 549 4230 4)
568 4159 646 4214 Flor.
665 4161 731 4225 fiat;
759 4162 794 4230 cf.
814 4163 851 4216 D.
869 4167 1025 4231 43‚22,1,22.
1054 4194 1087 4202 -
1113 4165 1140 4229 5)
1159 4163 1234 4217 mid.
1252 4167 1318 4226 1,19.
1347 4193 1380 4202 -
1399 4164 1427 4233 6)

242 4243 279 4298 D.
297 4249 374 4313 43,13
396 4248 469 4301 rubr.
490 4254 514 4301 et
532 4252 547 4300 1
562 4264 604 4316 pr.
630 4278 665 4286 -
687 4247 712 4315 7)
734 4248 805 4302 Ibid.
825 4255 888 4314 1,11.
908 4281 942 4289 -
961 4252 988 4319 8)
1007 4250 1044 4306 1).
1063 4254 1140 4317 43‚14
1158 4251 1232 4304 rubr.
1252 4257 1278 4305 et
1295 4255 1311 4304 1
1328 4268 1374 4320 pr.
1393 4283 1428 4290 -

242 4331 270 4400 9)
288 4333 326 4386 D.
344 4337 419 4396 43,15
436 4335 510 4388 rubr.
529 4341 554 4388 et
570 4339 586 4387 1
602 4351 646 4402 pr.
671 4365 703 4373 -
735 4336 777 4405 10)
798 4335 884 4390 Rubr.
903 4335 940 4392 D.
958 4339 1046 4404 43,16.
1075 4367 1109 4376 -
1143 4337 1184 4405 ll)
1204 4336 1240 4390 1).
1265 4341 1367 4404 43‚16,1
1381 4356 1426 4408 pr.

248 4417 363 4474 Veterem
381 4421 461 4475 tuias
480 4422 616 4476 clausulae
634 4424 828 4491 conceptionem
846 4426 949 4479 collibet
986 4424 1039 4479 oie.
1057 4442 1084 4494 p.
1108 4423 1197 4478 Tullio
1217 4428 1299 4493 19,44.
1321 4457 1354 4466 -
1383 4427 1427 4497 12)

243 4504 298 4562 cu.
318 4507 333 4560 l.
354 4525 384 4571 c,
403 4526 426 4562 u.
446 4509 480 4562 Ε.
503 4509 535 4564 Ρ.
549 4527 579 4577 p.
598 4513 649 4564 371
665 4527 722 4578 sqq.
