3386 5240
288 1313 297 1321 δ
332 1177 398 1266 EX
426 1175 772 1265 PRAEFATIONE
800 1175 1048 1266 EDITIONIS
1076 1176 1304 1268 insons.

312 1551 357 1660 ln
391 1594 451 1659 hac
483 1616 566 1658 nova
597 1594 734 1659 editione
768 1617 926 1659 summam
959 1596 1103 1679 opusculi
1133 1595 1288 1662 rationem
1312 1601 1408 1680 atque

228 1728 470 1811 dispositionem
495 1726 681 1790 mutandam
704 1725 784 1790 milii
802 1749 865 1790 non
882 1749 949 1792 esse
964 1728 1139 1792 arbitratus
1155 1750 1241 1806 sum;
1265 1727 1407 1813 singulas

229 1855 337 1914 autem
360 1853 468 1932 partes
491 1848 655 1912 emendavi
680 1853 777 1932 atque
803 1849 969 1932 ampliavi:
995 1851 1134 1934 recipere
1159 1851 1249 1934 potui
1264 1851 1344 1934 legis
1356 1872 1409 1915 co·

228 1973 335 2038 loniae
360 1972 534 2039 Genetivae
564 1971 665 2036 Iuliae
695 1972 878 2056 fragmenta
901 1995 928 2036 a.
955 1973 1035 2037 1871
1063 1978 1243 2056 repertast
1266 1979 1410 2038 contrac-

230 2103 323 2162 tuum
346 2096 508 2161 cautiones
532 2119 549 2160 e
571 2095 743 2180 triptychis
768 2095 1005 2160 Transsilvanis
1028 2096 1260 2162 aMommseno
1283 2099 1316 2160 in
1339 2118 1409 2161 cor·

229 2245 308 2306 pore
330 2223 425 2286 inscr.
442 2221 544 2287 Latin.
571 2221 688 2293 editam
714 2222 869 2303 praetoris
886 2220 1023 2285 edictum
1040 2225 1237 2304 perpetuum,
1254 2224 1410 2304 quatenus

229 2349 393 2410 servatum
416 2345 507 2408 nobis
531 2347 579 2410 est
602 2343 723 2420 addidi,
755 2348 791 2407 ut
815 2347 935 2408 taceam
960 2344 998 2406 de
1022 2343 1198 2406 minoribus
1222 2343 1412 2426 quibusdam

229 2473 298 2532 tam
331 2469 436 2554 legum
467 2490 562 2553 quam
587 2470 786 2553 negotiorum
813 2448 975 2548 speciebus
1000 2467 1147 2542 adieetis3
1180 2467 1231 2531 lex
1255 2463 1336 2530 Osca
1358 2470 1407 2528 la·

229 2591 325 2657 bulae
348 2591 506 2657 Bantinos
529 2596 657 2657 auctore
681 2591 734 2656 Fr.
756 2592 935 2669 Buecheler,
961 2593 1085 2673 collega
1110 2590 1280 2666 Hennensi,
1312 2589 1411 2652 inter-

231 2715 412 2799 pretatione
435 2713 630 2800 philologica
653 2715 811 2780 instructa
834 2719 892 2791 est,
915 2716 967 2780 lex
991 2716 1118 2800 collegii
1143 2737 1244 2798 aquae
1260 2711 1413 2776 fulloniae

232 2861 253 2903 a
274 2837 472 2906 Mommseno
496 2842 686 2915 retractala3
710 2837 774 2903 XII
798 2839 982 2903 tabularum
1006 2841 1110 2902 lentes
1134 2836 1329 2901 accurratius
1353 2835 1428 2931 ud·¹

230 2962 346 3045 legavi.
1315 2952 1318 2957 ’

320 3084 447 3150 Gratias
480 3107 541 3170 ago
571 3084 630 3153 Th.
657 3087 845 3169 Mommsen,
879 3085 934 3169 qui
956 3084 989 3148 in
1015 3084 1076 3149 hac
1099 3084 1190 3148 utin
1215 3081 1321 3165 priore
1345 3079 1411 3143 edi·

231 3207 320 3272 tione
343 3206 477 3272 consilio
500 3213 532 3271 et
555 3231 614 3292 ope
637 3209 766 3274 ferenda
790 3233 840 3274 me
863 3209 1013 3274 adiuvare
1037 3229 1200 3292 nunquam
1225 3204 1357 3282 destitit,
1381 3208 1413 3268 et

232 3331 339 3400 llerm.
364 3328 559 3418 oldenburq,
582 3332 764 3418 philologo,
798 3332 888 3396 cuius
911 3354 971 3414 ope
995 3354 1069 3394 usus
1093 3352 1163 3394 sum
1186 3330 1219 3392 in
1244 3326 1355 3412 quavis
1379 3347 1413 3390 re

231 3475 271 3517 ex
295 3457 363 3516 arte
386 3453 552 3538 philologa
575 3456 786 3521 diiudicanda.

320 3646 429 3713 Mense
453 3646 583 3714 Octobri
607 3673 634 3716 a.
660 3648 930 3714 MDCCCLXXV.
