3400 5250
663 373 762 430 Edicta
780 376 949 444 praetorum.

315 553 365 616 10.
403 550 545 615 Ratam
570 571 657 615 rem
681 549 857 615 haberi'.

316 659 364 722 11.
399 655 455 721 De
477 654 750 722 aiccton·itatc².

317 763 364 828 12.
401 760 463 825 Ea
485 762 623 842 operis
646 761 736 826 novi
758 764 1024 827 nuntiatione
1040 762 1063 826 ³.

317 867 363 930 13.
397 865 557 931 Damni
590 865 803 930 infecti⁴.

405 1043 456 1108 63.
491 1042 626 1106 Edict
612 1048 657 1106 ta
690 1043 913 1106 aedilium
950 1031 1242 1108 cu1·ulium⁶.¹

265 1185 341 1246 l.
377 1182 1020 1266 Demencipiisvendundis⁸.
1066 1181 1429 1272 Quimancipiaven·„
1429 1196 1495 1276 Ἦ

222 1288 314 1365 (Ιιιιιι,
338 1293 404 1354 cert
405 1288 487 1352 iores
510 1287 632 1352 faciant
618 1291 823 1370 temptores,
852 1288 928 1371 quid
953 1288 1058 1352 morbi
1082 1287 1190 1352 vitiive
1214 1289 1326 1372 cuique
1349 1288 1401 1364 sit,

224 1394 296 1478 quis
328 1393 424 1478 fugit
416 1416 485 1457 ivus
516 1413 626 1456 errove
656 1392 700 1456 sit
734 1414 857 1456 noxave
891 1392 976 1457 solut
962 1397 1015 1458 tus
1049 1415 1114 1457 non
1144 1393 1198 1457 sit:
1231 1394 1402 1476 eademque

222 1499 340 1577 omnia,
374 1521 445 1563 cum
473 1521 510 1562 ea
542 1497 700 1581 mancipia
723 1498 890 1574 venibunt,
922 1498 1028 1581 palam
1054 1503 1138 1562 recte
1161 1498 1399 1583 pronuntianto.
1461 1569 1464 1576 ,

222 1604 307 1687 quod
340 1603 366 1666 si
397 1603 591 1686 mancipium
623 1604 772 1668 adversus
805 1626 844 1667 ea·
874 1604 1008 1668 venisset
1044 1604 1110 1667 sive
1139 1603 1288 1668 adversus
1316 1604 1399 1688 quod

221 1709 343 1773 dictum
371 1707 601 1791 promissumve
633 1707 747 1785 fuerit,
780 1731 851 1772 cum
879 1709 1014 1785 veniret,
1053 1709 1181 1786 fuisset,
1215 1709 1298 1793 quod
1332 1709 1400 1774 eius

223 1813 379 1896 praestari
402 1819 549 1898 oportere
571 1813 709 1878 dicetur:
734 1813 870 1896 emptori
895 1812 1114 1898 omnibusque,
1139 1813 1178 1878 ad
1196 1835 1275 1898 quos
1298 1837 1335 1878 ea
1351 1837 1401 1880 res

223 1919 377 2001 pertinet,
410 1917 460 1997 (in
482 1939 537 1982 sea
559 1919 724 1996 mensibus
749 1918 861 1998 onitas
878 1919 1023 1998 primani
1046 1919 1083 1983 dc
1103 1941 1138 1983 ca
1161 1941 1195 1984 re
1217 1921 1401 2000 expectandi

221 2028 359 2103 potestas
374 2023 502 2105 faerit)
526 2023 677 2086 iudicium
694 2022 848 2099 dabimus,
873 2027 909 2085 ut
929 2022 961 2086 id
978 2023 1171 2107 mancipium
1187 2023 1398 2101 redhibeatur,

221 2129 249 2192 si
274 2129 350 2212 quud
374 2131 478 2192 auten]
503 2132 576 2211 post
599 2127 813 2191 venditionem
837 2127 1106 2212 traditionemque
1122 2130 1259 2194 deterius
1275 2135 1398 2213 empto·

222 2234 266 2297 ris
291 2255 386 2315 opera
408 2231 550 2296 familiae
573 2232 826 2315 procuratorisve
850 2232 918 2296 eius
933 2233 1063 2296 'factum
1087 2234 1157 2310 erit,
1182 2234 1247 2298 sive
1269 2234 1400 2318 quidex

220 2361 259 2403 eo
283 2341 356 2420 post
379 2337 592 2402 venditionem
617 2342 728 2401 natum
752 2337 948 2420 adquisitum
972 2337 1079 2416 fuerit,
1108 2340 1189 2402 etsi
1213 2339 1287 2422 quid
1312 2340 1397 2404 eliud
1459 2365 1461 2370 ·

222 2445 256 2506 in
280 2443 461 2506 venditione
485 2443 512 2506 ei
537 2443 712 2520 accesserit,
738 2443 804 2506 sive
828 2443 903 2526 quid
928 2465 966 2506 ex
982 2465 1018 2506 ea
1034 2442 1205 2506 refractus
1221 2445 1400 2526 pervenerit

220 2549 262 2612 ad
286 2551 474 2632 emptorem,
507 2551 544 2611 ut
567 2571 603 2612 ea
627 2549 733 2612 omnia
756 2548 914 2624 restituat,
946 2549 1031 2625 item,
1057 2549 1083 2612 si
1106 2569 1185 2633 quas
1208 2553 1397 2615 accessiones

220 2653 290 2736 ipse
313 2653 518 2735 praestiterit,
545 2659 579 2718 ut
602 2654 743 2737 recipiat.
779 2653 861 2718 Item
877 2655 902 2716 si
919 2654 1003 2738 quod
1020 2655 1215 2736 mancipium
1231 2654 1397 2738 capitalem

219 2757 365 2822 fraudem
390 2759 562 2832 admiserit,
587 2760 699 2823 mortis
722 2760 961 2824 consciscendae
984 2759 1045 2822 sibi
1069 2781 1163 2824 causa
1186 2760 1261 2844 quid
1277 2760 1396 2838 fecerit,

219 2865 294 2929 inve
323 2865 473 2929 harenam
504 2865 707 2949 depugnandi
736 2887 832 2929 causa
858 2865 895 2928 nd
921 2866 1040 2930 bestias
1064 2863 1266 2928 intromissus
1289 2864 1396 2942 fuerit,

219 2992 258 3034 ea
281 2971 388 3033 omnia
410 2971 442 3033 in
468 2971 649 3034 venditione
673 2971 916 3053 pronuntianto:
947 2993 984 3035 ex
1008 2970 1058 3034 his
1083 2969 1168 3034 enim
1191 2970 1293 3033 causis
1315 2971 1397 3034 iudi-

219 3076 304 3140 cium
336 3076 489 3141 dabimus.
538 3075 606 3138 Hoc
636 3076 787 3158 amplius,
820 3077 845 3138 si
870 3075 940 3159 quis
964 3075 1119 3140 adversus
1143 3097 1179 3138 ea
1202 3074 1303 3138 sciens
1326 3075 1398 3138 dolo

222 3181 316 3250 malo¹
330 3181 506 3245 vendidisse
532 3181 662 3256 dicetur,
685 3181 835 3244 iudicium
859 3177 1032 3244 dabimus⁷.

309 3285 338 3348 2.
379 3284 438 3349 Dc
470 3287 673 3349 incientis
707 3285 948 3349 niendnndie
996 3283 1057 3359 Qui
1080 3284 1224 3346 iumenta
1246 3282 1396 3362 vendunt,
1427 3294 1481 3374 3233

219 3391 327 3474 palam
351 3395 434 3454 recte
457 3391 595 3467 dicunto,
626 3391 701 3474 quid
724 3390 758 3453 in
782 3385 1039 3474 quoque'eorum
1062 3387 1166 3451 morbi
1189 3387 1323 3472 vitiique
1346 3387 1398 3466 sit,
1437 3415 1441 3420 ·

222 3525 429 3532 —a—-0—--

292 3600 317 3661 1)
336 3599 421 3653 Rabr.
440 3601 477 3653 D.
497 3604 565 3665 46,t'.
585 3631 618 3638 —
636 3600 665 3665 2)
686 3598 845 3651 Fomentara
863 3597 992 3662 antonio,
1012 3613 1080 3664 qnae
1098 3596 1200 3648 dicitnr
1218 3595 1397 3662 auctoritatis,

218 3688 268 3740 boc
292 3689 348 3740 loco
368 3688 538 3754 propositam
558 3688 646 3753 fnisse
664 3686 768 3739 ostendi
792 3686 827 3738 E.
848 3685 880 3739 P.
895 3703 925 3752 p.
943 3689 994 3738 424
1014 3701 1053 3752 sq.
1092 3683 1143 3736 Oai
1161 3683 1263 3738 actioni
1281 3684 1398 3737 satisda-

219 3775 304 3827 tionis
328 3775 473 3827 scoriadam
496 3775 661 3839 mancipium
677 3774 823 3839 formatam
839 3774 927 3838 faisse
945 3772 1103 3825 adiunctam
1121 3771 1259 3838 suspicari
1278 3771 1343 3825 ticet.
1363 3803 1398 3810 -

220 3862 248 3927 3)
276 3861 313 3914 D.
338 3864 485 3927 39,1,13,1,·
510 3864 630 3926 aaran.
657 3891 691 3899 -
718 3861 746 3928 4)
769 3861 806 3914 1).
826 3865 947 3927 aaran.
976 3891 1011 3899 -
1035 3861 1205 3926 5)D.21,1,
1231 3860 1279 3912 aa
1296 3877 1329 3913 eo
1353 3859 1397 3914 Ut-

214 3948 299 4014 piani
317 3948 394 4000 libris
413 3947 453 3999 II
468 3948 505 4000 ad
523 3948 562 3999 cd.
582 3949 639 4000 aed.
659 3965 715 4000 cnr.
737 3955 839 4015 recepta
857 3955 929 4002 saort.
948 3979 982 3987 —
1001 3950 1029 4016 6)
1056 3948 1121 4002 Gall.
1141 3951 1227 4013 4,2,1,·
1250 3945 1288 3998 ‘in
1307 3945 1397 4000 edicto

224 4033 358 4088 aedilium
376 4033 522 4094 curulium,
541 4051 597 4101 qna
615 4037 697 4103 parte
716 4034 750 4088 de
762 4035 910 4104 mancipiis
933 4034 1088 4089 vendundis
1106 4036 1220 4088 cautum
1233 4031 1290 4086 eet'.
1310 4063 1345 4071 -
1368 4033 1397 4099 7)

219 4122 258 4176 D.
276 4126 363 4190 21,1,1
378 4139 423 4189 pr.
460 4121 615 4174 Euordinnc
633 4123 727 4176 aeteae
745 4123 824 4176 edicti
842 4124 917 4190 apud
938 4121 1004 4176 Gall.
1018 4127 1063 4189 4,2
1081 4121 1122 4175 ita
1140 4122 1271 4188 rescaar:
1289 4120 1397 4173 ‘titulus

220 4225 363 4264 servorum
391 4208 565 4276 singulorum
591 4209 712 4277 scriptus
737 4209 774 4262 sit
797 4213 894 4266 curato
918 4211 968 4272 ita,
998 4213 1028 4262 ut
1053 4207 1182 4276 intellegi
1206 4211 1283 4262 recte
1300 4206 1395 4276 possit,

217 4295 286 4366 quid
305 4299 361 4351 r.'ct
398 4297 543 4350 Forncatac
562 4298 749 4351 r·att··ibitonaa
764 4305 868 4364 parient
892 4299 979 4351 extit
1005 4297 1041 4350 D.
1062 4299 1203 4362 21„125,.9
1247 4294 1286 4360 Cf.
1306 4295 1342 4348 Ε.
1363 4295 1395 4346 P.

217 4401 246 4452 p
265 4390 325 4438 437.
