3386 5240
1357 415 1420 484 Vll

244 600 296 664 ita
318 600 499 683 recognovi,
530 603 567 661 ut
589 601 744 682 quatenus
777 597 859 662 liber
882 597 1030 681 pervenit
1053 599 1172 662 tradita
1195 599 1289 664 lectio
1310 603 1367 662 aut
1389 597 1421 662 in

246 723 388 788 ordinem
425 722 593 786 verborum
622 721 814 806 reciperetur
836 726 909 799 aut,
944 722 999 786 ubi
1024 723 1138 807 expelli
1161 723 1280 802 debuit,
1304 744 1342 787 ex
1366 724 1422 787 ad·

252 845 417 912 notatione
440 846 473 911 id
495 845 740 930 intellegeretur.

332 967 457 1033 Deinde
480 968 564 1051 quod
588 968 672 1032 inter
694 968 838 1053 syllogae
861 968 957 1033 huius
981 971 1149 1054 praecipua
1164 970 1277 1036 merita
1291 969 1364 1047 fuit,
1387 973 1423 1033 ut

246 1091 397 1174 quotiens
413 1089 515 1154 denuo
532 1092 686 1169 ederetur,
709 1091 859 1174 prodiret,
883 1091 915 1155 id
933 1093 1017 1176 quod
1034 1092 1103 1176 ipse
1119 1090 1276 1156 Brunsius
1292 1095 1425 1177 quartae

248 1215 320 1278 iure
342 1213 557 1296 praescripsit,
581 1213 703 1276 auctior
724 1212 930 1292 emendatior,
953 1214 986 1278 id
1010 1214 1043 1277 in
1061 1214 1173 1298 quinta
1189 1236 1249 1298 ego
1264 1215 1371 1279 curavi
1389 1219 1424 1278 ut

249 1339 414 1413 retineret,
440 1338 486 1400 ita
509 1341 625 1416 tamen,
648 1340 684 1400 ut
707 1335 899 1400 abstinerem
924 1337 964 1400 ab
988 1358 1024 1400 ea
1048 1338 1224 1414 oneranda;
1248 1337 1319 1422 ipsa
1340 1337 1422 1402 enim

255 1460 412 1524 brevitate
436 1481 493 1523 sua
516 1459 563 1522 vel
589 1459 725 1522 maxime
748 1461 780 1522 et
802 1459 884 1522 nitet
908 1465 940 1522 et
955 1458 1092 1542 prodest.
1126 1457 1257 1524 Praeter
1277 1462 1339 1524 duo
1355 1481 1423 1524 mo·

245 1589 411 1662 numento,
435 1583 519 1668 legis
543 1583 679 1647 fortasse
696 1579 835 1646 Rubriae
850 1581 1064 1667 fragmentum
1085 1582 1266 1646 Atestiuum
1284 1582 1327 1667 (p.
1347 1582 1422 1665 102)

246 1712 282 1772 et
305 1708 463 1772 decretum
488 1704 675 1789 pontificum
701 1707 746 1789 (p.
770 1705 859 1786 237),
888 1727 946 1789 pro
970 1710 1105 1790 quartae
1128 1706 1275 1770 editionis
1297 1705 1424 1790 supple·

244 1833 355 1894 mento
379 1852 397 1893 a
420 1851 471 1893 me
493 1850 636 1892 seorsum
660 1828 774 1892 emissa
797 1851 825 1892 a.
855 1827 948 1908 1881,
976 1829 1052 1914 quid
1075 1829 1107 1892 in
1132 1829 1192 1893 hac
1214 1828 1351 1894 editione
1373 1849 1425 1892 ac·

243 1952 385 2028 cesserit,
414 1974 452 2016 ex
475 1952 585 2015 tabula
608 1951 749 2016 subiecta
771 1956 987 2036 cognoscetur.

333 2075 442 2140 Edisti
469 2074 615 2160 perpetui
638 2073 793 2160 [reliquias
816 2097 887 2139 cum
912 2075 1050 2140 viderem
1072 2079 1145 2159 post
1167 2075 1311 2160 egregias
1333 2095 1423 2139 curas

249 2196 384 2266 udonis
409 2197 505 2267 [unul
530 2197 604 2278 (dos
625 2197 774 2260 Edictum
793 2202 987 2277 perpetuum,
1017 2198 1067 2260 eiu
1101 2195 1234 2260 Versuch
1255 2217 1295 2260 au
1318 2195 1424 2260 dassen

251 2321 573 2404 Wiedcrherstelloup.
607 2319 733 2404 Lipsiae
758 2321 856 2402 1883)
892 2342 954 2383 uon
987 2340 1079 2403 posse
1102 2319 1218 2402 repeti,
1249 2321 1287 2382 ut
1308 2315 1423 2400 repeti·

252 2451 343 2510 verat
365 2445 531 2522 Brunsius,
557 2445 597 2508 ad
619 2445 832 2508 recensionem
857 2443 1110 2520 Rudorlfianam,
1143 2441 1182 2506 ab
1206 2442 1275 2524 ipso
1297 2440 1425 2505 henelio

251 2568 430 2652 impetravi,
461 2573 498 2632 ut
522 2589 593 2631 euru
616 2567 756 2630 laborem
780 2567 813 2629 in
838 2587 871 2630 se
895 2565 1057 2649 reciperet.
1104 2563 1233 2628 Praeter
1256 2584 1338 2642 eum,
1370 2561 1425 2645 qui

250 2693 318 2754 tam
347 2689 467 2776 insigni
497 2693 636 2754 tractatu
668 2689 786 2754 librum
817 2688 901 2753 hunc
932 2688 1110 2764 exornavit,
1142 2687 1236 2752 multi
1259 2686 1317 2750 viri
1341 2685 1424 2750 docti

247 2818 317 2878 tam
340 2813 498 2899 philologi
524 2835 620 2897 quam
646 2813 724 2875 iuris
750 2811 845 2896 periti
867 2817 900 2876 et
927 2811 1053 2876 Brunsii
1077 2833 1172 2875 causa
1194 2831 1284 2874 carae
1305 2829 1423 2873 memo-

247 2936 318 3000 riae
340 2935 401 2999 viri
424 2940 456 2999 et
480 2957 549 3000 mea
571 2935 628 2999 alii
650 2935 722 2999 aliis
745 2933 820 2998 locis
845 2957 896 2998 me
921 2934 1122 3012 adiuverunt,
1147 2955 1280 3016 quorum
1296 2930 1426 2994 nomina

246 3060 316 3122 suis
339 3059 416 3124 locis
440 3061 643 3144 reperientur.

335 3180 373 3246 Iu
404 3182 474 3267 ipsa
504 3183 641 3247 editione
672 3184 812 3247 curanda
841 3181 987 3267 egregius
1013 3179 1135 3245 iuvenis
1159 3174 1424 3246 serranorum

243 3309 413 3370 strenuam
436 3309 468 3369 et
491 3305 651 3370 sollertem
673 3327 801 3388 operam
825 3304 905 3368 mihi
929 3303 1100 3388 praestitit.

335 3479 453 3577 Scripsi
476 3481 617 3544 Berolini
640 3481 667 3544 d.
693 3478 786 3543 XXII
810 3477 893 3544 Nov.

427 3625 455 3666 a.
479 3599 797 3668 MDCCOLXXXVI.

1020 3777 1084 3847 Tu.
1113 3775 1319 3846 Mouusan.
