3386 5240
309 361 330 424 2
796 358 880 426 Leges
898 359 1000 427 regiae.

309 537 497 621 praecipuus
521 533 648 602 Servius
672 535 797 610 Tullius
820 540 948 599 sanctor
969 533 1078 619 legum
1101 535 1175 614 fuit,
1200 538 1271 621 quis
1287 542 1383 604 etiam
1399 561 1489 625 reges

310 642 576 726 obtemperarent.
623 642 652 706 3.
680 639 785 706 ulcero
807 642 825 722 (
825 641 915 706 Taso.
925 643 1036 721 4,1‚1):
1060 663 1132 704 cum
1155 643 1293 725 aprimo
1312 645 1398 707 urbis
1417 654 1489 708 ortu

310 747 406 832 regiis
429 747 595 825 institutio,
619 745 735 830 partim
753 745 850 809 etiam
866 745 1000 829 legibus,
1018 747 1168 828 auspicia,
1193 748 1413 824 caerimoniae,
1437 771 1491 812 co-

311 852 413 930 mitia,
429 852 680 935 provocationes,
713 895 716 898 -
748 854 878 915 totores
891 851 1041 914 militaris
1053 851 1207 915 divinitus
1220 857 1302 916 esset
1315 853 1491 917 constituta

311 962 362 1021 cet.
409 959 438 1020 4.
470 956 648 1039 Dionysius
671 955 823 1040 (2,24).·1
849 955 968 1027 ἐκεῖνος
991 954 1023 1036 (δ
1047 952 1212 1038 Ρωμίιλος)
1236 957 1350 1039 νόμους
1374 957 1493 1031 καλοὺς

312 1099 353 1107 —-
378 1062 540 1143 ἀγράφους
565 1064 620 1144 μέν
646 1063 718 1134 τοὺς
741 1059 916 1140 πλείστους,
942 1061 1006 1121 ἔστι
1023 1057 1049 1121 δ’
1065 1060 1118 1133 οὓς
1134 1062 1189 1122 καί
1205 1060 1237 1122 έν
1252 1060 1414 1144 γράμμασι
1430 1083 1494 1125 κει-

314 1165 434 1248 μένους,
466 1166 745 1250 καταστησάμενος
771 1165 841 1230 κτλ,
889 1169 918 1230 5.
943 1164 1041 1229 Dion.
1066 1163 1210 1248 (2,27).·2
1234 1175 1342 1228 τοῦτον
1366 1169 1419 1229 τὸν
1441 1167 1493 1228 νί-

314 1289 370 1352 μον
395 1271 446 1351 (de
468 1269 535 1333 filio
559 1270 735 1352 vendendo)
763 1307 807 1317 -
828 1269 856 1331 οί
880 1268 1018 1354 βασιλεῖς
1042 1268 1214 1351 ἐφύλαττον
1238 1272 1299 1332 εἴτε
1315 1270 1493 1355 γεγραμμέ-

312 1393 364 1436 νον
397 1375 458 1436 εἴτε
489 1377 647 1458 ἄγραφον,
680 1376 716 1437 οὐ
744 1377 806 1456 γάρ
830 1375 895 1456 ἔχω
929 1375 964 1436 τὸ
989 1375 1086 1455 σαφές
1110 1375 1204 1436 εἰπεῖν
1228 1374 1296 1438 κτλ.
1343 1375 1372 1440 6.
1397 1377 1494 1441 Dion.

315 1480 530 1561 (2,73,-4):³
555 1483 594 1542 τά
611 1482 725 1563 μὲν-
737 1481 808 1562 περί
824 1482 859 1542 τδ
875 1479 963 1542 θεῖον
979 1478 1235 1563 νομοθετηθέντα
1251 1481 1312 1543 ὑπὸ
1326 1491 1379 1543 τοῦ
1392 1479 1494 1565 Νομᾶ,

314 1620 355 1629 -
379 1587 419 1646 τά
443 1586 497 1666 μέν
522 1585 691 1668 ἐγγράφοις
715 1583 950 1668 περιληφθέντα
974 1584 1088 1666 νόμοις,
1114 1587 1152 1646 τά
1176 1582 1202 1646 δ’
1218 1585 1278 1662 έξιυ
1293 1597 1425 1670 ’γραφῆς
1451 1587 1493 1660 εἰς

314 1688 523 1772 ἐπιτηδεύσεις
556 1689 699 1772 ἀχθέντα
731 1690 785 1750 καί
818 1690 1026 1772 συνασκήσεις
1059 1689 1203 1772 χρονίους
1226 1689 1295 1754 κτλ.
1342 1691 1371 1754 7.
1396 1691 1493 1755 Dion.

313 1795 449 1877 (3,36).·4
473 1795 658 1879 χαλκαῖ-
681 1797 768 1857 οὔπω
796 1793 909 1877 στῆλαι
932 1796 1002 1856 τότε
1017 1795 1107 1878 ἦσαν,
1133 1792 1203 1856 ἀλλ’
1220 1795 1251 1856 ἐν
1268 1794 1404 1876 δρυΐναις
1421 1797 1494 1878 ἐχα-

316 1899 464 1977 ράττοντο
499 1901 616 1962 σανίσιν
647 1902 678 1962 οί
706 1921 740 1962 τε
763 1899 852 1982 νόμοι
881 1901 936 1961 καί
963 1900 995 1962 αἱ
1017 1901 1087 1982 περὶ
1119 1909 1180 1962 τῶν
1204 1900 1294 1983 ίερῶν
1316 1901 1494 1984 διαγραφαί.

316 2004 344 2068 8.
376 2004 475 2069 Dion.
501 2005 654 2090 (2,’ν“3);ὁ
684 2006 908 2088 νομοθετοῦσιν
940 2005 982 2088 (οἱ
1005 2004 1204 2086 ποντίφικες)’
1227 2007 1285 2068 ὅσα
1316 2016 1376 2070 τῶν
1406 2005 1495 2088 ἱερῶν

315 2111 443 2192 ἄγραφα
475 2113 550 2174 ὄντα
580 2113 634 2174 καί
666 2109 830 2190 ἀνέθιστα,
863 2109 1020 2190 κρίνοντες
1045 2110 1065 2171 ά
1089 2111 1125 2170 ἂν
1150 2109 1308 2192 ἐπιτήδεια
1331 2110 1495 2194 τυγχάνειν

315 2215 421 2288 αὐτοῖς
444 2215 555 2299 φανείη
579 2216 682 2298 νόμων
707 2236 741 2277 τε
762 2215 817 2276 καί
833 2213 979 2296 ἐθισμῶν.
1006 2213 1036 2278 9.
1061 2214 1319 2299 Lt1vtus(6‚1,2):
1343 2216 1495 2298 (litterae)

316 2316 413 2381 etiam
437 2319 464 2381 si
487 2319 624 2403 quaein
648 2317 888 2383 commentariis
911 2317 1098 2400 pontificum
1123 2318 1257 2402 aliisque
1278 2319 1414 2402 publicis
1429 2321 1496 2403 pri-

314 2423 460 2506 vatisque
490 2429 581 2488 erant
611 2423 844 2502 monumentis,
875 2423 1005 2487 incensa
1034 2421 1066 2505 (a
1089 2421 1203 2507 Gallis]
1227 2425 1306 2488 urbe
1328 2425 1497 2508 pleraeque

314 2526 472 2592 interiere.
489 2567 532 2574 -
548 2529 677 2610 (6,1‚10)
695 2528 889 2612 (insequenti
907 2547 991 2591 anno
1008 2527 1131 2590 tribuni
1147 2527 1299 2610 militum)
1317 2527 1445 2593 foedera
1461 2550 1497 2594 ac

315 2629 411 2714 leges,
436 2637 528 2696 erant
551 2638 657 2697 autem
674 2656 728 2697 eae
743 2631 807 2696 ΧΠ
822 2630 951 2696 tabulae
969 2635 1000 2696 et
1016 2633 1171 2715 quaedam
1188 2634 1294 2718 regiae
1308 2635 1404 2718 legeS,
1421 2657 1496 2698 con-

316 2735 400 2818 quiri
424 2758 504 2819 quae
527 2760 591 2802 non
614 2742 832 2822 comparerent
853 2738 1032 2813 iusserunt;
1057 2737 1121 2800 alia
1137 2759 1175 2801 ex
1191 2739 1234 2801 eis
1251 2739 1336 2802 edita
1352 2740 1447 2802 etiam
1463 2740 1496 2802 in

316 2839 442 2925 vulgus,
466 2865 547 2926 quae
570 2847 676 2908 autem
700 2844 739 2907 ad
755 2865 845 2907 sacra
865 2842 1071 2926 pertinebant
1095 2842 1333 2924 apontificibus
1348 2844 1496 2921 maxime,

316 2947 353 3007 ut
376 2946 529 3032 religione
552 2948 722 3012 obstrictos
745 2947 903 3012 haberent
926 2945 1143 3011 multitudinis
1160 2947 1292 3024 animos,
1317 2968 1494 3029 suppressa.

404 3049 471 3114 Ius
503 3051 796 3136 Papirianum.
847 3054 896 3116 10.
933 3051 1086 3133 Pompon.
1118 3051 1232 3114 οοοίιίν.
1264 3050 1496 3135 (D.1,2‚2‚2).·

317 3175 426 3218 omnes
450 3156 549 3240 (leges
573 3157 691 3242 regiae)
716 3157 916 3242 conscriptae
940 3160 1067 3221 exstant
1089 3156 1136 3219 in·
1147 3155 1229 3220 libro
1253 3155 1340 3220 Sexti
1365 3155 1495 3240 Papirii,

317 3259 373 3342 qui
395 3259 458 3325 fuit
489 3263 553 3326 illis
577 3263 787 3347 temporibus,
820 3262 937 3346 quibus
963 3260 1124 3345 Superbus
1147 3259 1313 3324 Demarati
1337 3261 1495 3325 Corinthii

316 3363 412 3444 filius,
445 3389 483 3430 ex
507 3366 735 3450 principalibus
767 3367 853 3432 viris.
888 3368 915 3431 is
946 3367 1027 3430 liber
1055 3366 1301 3449 —appellatur
1333 3368 1382 3429 ius
1405 3364 1497 3428 civile

317 3467 533 3552 Papirianum,
557 3494 621 3535 non
644 3474 720 3556 quia
742 3471 889 3556 Papirius
913 3473 952 3535 de
967 3493 1024 3535 suo
1040 3471 1210 3554 quicquam
1232 3470 1277 3533 ibi
1294 3470 1417 3547 adiecit,
1442 3468 1496 3532 sed

392 3643 417 3712 1)
438 3643 497 3710 (ille
510 3644 585 3712 leges
598 3643 735 3712 egregias,
756 3645 880 3698 maxima
901 3647 1029 3713 exparte
1050 3661 1106 3698 non
1119 3642 1246 3711 scriptas,
1266 3641 1418 3696 nonnullas
1432 3657 1497 3698 vero

317 3729 405 3783 etiam
418 3729 521 3784 litteris
540 3731 721 3799 consignatas
734 3734 912 3801 proponens.)
932 3763 965 3771 -
984 3733 1012 3799 2]
1026 3731 1110 3799 (hanc
1123 3731 1214 3799 legem
1228 3729 1270 3796 (de
1280 3729 1337 3797 filio
1349 3728 1496 3796 vendendo)

318 3833 397 3885 reges
421 3817 577 3870 tuebantur
601 3817 660 3871 sive
679 3818 815 3886 scriptam
840 3818 898 3873 sive
916 3834 972 3871 non
992 3817 1140 3887 scriptam,
1168 3816 1208 3870 nil
1228 3815 1296 3870 certi
1316 3815 1390 3870 enim
1410 3816 1497 3870 habeo

317 3903 425 3970 dicere.)
455 3903 496 3972 Of.
516 3903 594 3960 Rom.
607 3908 648 3959 10.
667 3935 702 3944 -—
721 3905 749 3974 3)
770 3907 854 3974 (quae
872 3905 967 3960 Numa
986 3905 1120 3960 derebus
1140 3903 1243 3958 divinis
1257 3903 1453 3966 constituerat,
1465 3931 1496 3943 -

317 3991 424 4060 partim
442 3991 552 4060 legibus
571 3992 680 4061 scriptis
698 3993 907 4062 comprehensa,
934 3996 1044 4063 partem
1063 3993 1123 4046 sine
1141 3991 1252 4061 scriptis
1272 3991 1302 4044 in
1321 3989 1499 4046 consuetudi·

318 4095 383 4132 nem
402 4081 430 4132 et
449 4096 529 4132 usum
548 4079 718 4149 longaevum
737 4084 890 4146 conversa.)
910 4111 945 4121 -
963 4083 990 4148 4)
1011 4079 1146 4149 (aheneae
1164 4079 1311 4134 columnae
1325 4077 1449 4134 nondum
1467 4077 1497 4130 in

318 4182 369 4218 usu
388 4168 456 4220 tunc
473 4170 563 4229 erant,
583 4167 629 4222 sed
648 4167 678 4221 in
697 4168 819 4224 roboreis
839 4169 945 4224 tabulis
964 4167 1162 4222 incidebantur
1185 4169 1214 4220 et
1228 4167 1303 4235 leges
1323 4168 1351 4220 et
1365 4165 1398 4219 de
1413 4164 1499 4218 sacris

317 4257 488 4323 praecepta.)
506 4286 540 4294 —
565 4255 592 4325 5)
611 4255 699 4325 (leges
717 4255 788 4310 dant
807 4256 916 4325 siquid
935 4273 1076 4312 sacrorum
1095 4271 1146 4308 nec
1170 4253 1280 4322 scriptis
1302 4269 1353 4308 nec
1371 4252 1494 4308 moribus

317 4343 545 4411 comprehensum
563 4345 613 4406 est,
632 4341 826 4406 diiudicantes,
845 4359 985 4412 quaenam
1004 4341 1080 4409 leges
1098 4344 1126 4395 et
1139 4339 1353 4394 consuetudines
1376 4337 1492 4393 idoneae

322 4431 470 4486 habendae
488 4431 564 4496 sint.)
609 4471 611 4476 .
