3400 5254
786 361 889 416 Festus.
1383 368 1425 432 45

249 545 314 604 tuto
339 541 448 604 decedi
468 533 607 621 posset}
635 535 673 612 Q.
698 534 816 600 Fabius
840 537 999 604 Maximus
1021 537 1233 624 Verru[cosus
1257 540 1306 605 M.
1332 538 1429 606 Olou-

250 645 326 708 dius
352 641 546 726 Mulrcellus
570 662 632 706 cos.
662 640 766 706 facere
789 640 1016 728 in[stitueruui
1039 651 1075 708 ut
1097 643 1239 729 uoto]vit
1261 643 1372 709 Aelius
1394 647 1427 710 in

247 745 309 812 XII
337 746 627 834 significationum
649 743 837 832 uerborum}
883 746 923 812 F.
947 748 1037 812 351.1

248 852 323 939 [Tu
336 852 465 936 papia
490 874 508 914 a
533 855 615 916 teoto
633 851 836 936 appellantur
861 851 1040 938 [domicilia
1056 851 1266 939 rusticorum]
1291 855 1428 934 sordida,

249 996 289 1005 —
316 980 379 1042 quo
404 957 533 1021 nomine
558 956 734 1040 [Messalla
758 959 791 1021 in
817 957 1063 1043 eaplunu]tione
1085 956 1164 1023 Xll²
1188 960 1234 1024 ait
1256 959 1353 1023 ctiam
1378 958 1427 1045 [..

247 1061 453 1148 sipiifi]cari.
499 1062 538 1125 F.
562 1065 636 1126 355.

246 1147 444 1234 Turmam
476 1167 619 1252 equitum
644 1166 777 1231 diciam⁸
807 1189 874 1232 esse
903 1168 949 1232 ait
972 1168 1134 1234 Curiatius
1157 1169 1247 1254 quasi
1272 1169 1427 1245 terimam,

247 1276 331 1358 quod
356 1278 405 1338 ter
430 1273 502 1336 deni
528 1272 651 1355 equites
675 1294 711 1336 ex
736 1272 839 1336 tribus
855 1271 1002 1336 tribubus
1021 1272 1221 1351 Titiensium,
1246 1271 1427 1350 Ramnium,

245 1379 397 1443 Lucerum
426 1377 546 1442 fiebant
569 1383 637 1442 cett.
683 1376 722 1442 F.
747 1381 822 1441 355.

245 1483 457 1548 Unciaria
487 1482 560 1546 lex*
594 1480 750 1566 appellari
782 1486 894 1565 coepta
926 1487 989 1561 est,
1018 1505 1114 1568 quam
1144 1482 1178 1547 L.
1210 1481 1299 1548 Sulla
1328 1487 1360 1546 et
1391 1483 1428 1559 Q.

245 1586 437 1671 Pompeius⁵
462 1586 572 1665 tulere,
601 1586 680 1670 qua⁶
704 1589 849 1650 sanctum
866 1591 922 1664 est,
939 1590 976 1649 ut
992 1584 1167 1650 debitores⁷
1184 1586 1336 1651 decimam
1351 1609 1425 1670 par·

243 1698 308 1758 tem
337 1691 470 1778 [sortem
495 1694 615 1756 aurinis
639 1693 753 1756 usuris
774 1691 992 1776 pendereul⁸].
1038 1693 1076 1757 L.
1101 1696 1175 1758 375.
1222 1691 1279 1756 Mo
1302 1697 1355 1758 83.

243 1796 389 1862 Urban
410 1819 451 1860 as
484 1795 588 1860 tribus
616 1795 835 1880 appellabant,
868 1796 902 1858 in
926 1818 1005 1880 quas
1028 1795 1105 1859 urbs
1128 1800 1196 1860 erat
1220 1796 1386 1879 dispertita
1409 1820 1428 1860 a

243 1902 352 1966 Servio
377 1901 485 1966 Tullio
509 1923 596 1984 rege,
620 1900 653 1964 id
677 1905 725 1964 est
749 1898 927 1979 Suburana,
952 1899 1110 1979 Palatina,
1132 1900 1328 1984 Esquilina,
1352 1899 1424 1965 col-

242 2007 319 2072 lina.
366 2008 404 2071 P.
429 2011 504 2070 368.

242 2111 446 2178 Uxorium
471 2110 655 2194 pependisse
678 2109 804 2188 dicitur,
829 2111 894 2194 qui,
919 2111 1001 2195 quod
1029 2133 1157 2175 uxorem
1181 2133 1244 2174 nou
1268 2109 1425 2188 habuerit,
1537 2183 1540 2192 y

241 2240 290 2281 res
314 2215 433 2300 populo
460 2214 555 2279 dedit.
603 2216 641 2279 P.
665 2221 739 2280 379.

242 2322 397 2386 Vadam
423 2342 609 2404 sponsorem
632 2320 794 2406 significat
819 2323 930 2386 datum
953 2323 987 2386 in
1010 2344 1044 2386 re
1068 2320 1207 2403 capitali.
1254 2321 1292 2386 P.
1316 2327 1391 2388 377.

239 2426 481 2512 Vagulatio
510 2425 542 2488 in
573 2424 595 2489 l.
619 2424 730 2490 XIl¹⁰
770 2427 931 2511 significat
955 2426 1140 2511 quaestio11
1169 2449 1239 2490 cum
1263 2427 1423 2491 convicio:

239 2532 312 2598 ‘Oui
335 2531 558 2598 testimonium
582 2531 648 2596 cet’
694 2532 732 2595 L.
756 2537 830 2596 375.
878 2533 946 2596 Mo.
970 2536 1019 2597 61.

240 2637 423 2722 ‘Vapula
446 2636 584 2720 Papiria’
618 2638 650 2701 in
675 2637 844 2721 proverbio
874 2637 937 2701 fuit
960 2637 1116 2720 antiquis,
1148 2636 1185 2700 dc
1208 2659 1271 2720 quo
1295 2634 1426 2701 Sinnius

241 2742 358 2826 Capito
384 2744 428 2806 sic
452 2743 551 2806 refert
574 2747 641 2806 tum
667 2742 728 2806 dici
751 2742 883 2806 solitum
907 2763 983 2820 esse,
1008 2764 1080 2806 cum
1099 2741 1214 2805 vellent
1228 2738 1424 2804 minantibus

245 2848 346 2912 sibili
376 2848 556 2932 significare
579 2867 613 2910 se
636 2868 688 2910 eos
711 2845 920 2931 neglegere¹³
949 2852 981 2912 et
1004 2869 1067 2912 non
1092 2869 1212 2924 curare,
1236 2846 1334 2910 fretos
1357 2845 1426 2908 iure

241 2950 413 3016 libertatis,
459 2949 593 3015 Plautus
616 2951 650 3014 in
673 2949 890 3016 Feneratrice:
915 2951 1015 3018 ‘Heus
1038 2956 1088 3017 tul
1113 2953 1144 3016 in
1162 2951 1319 3018 Barbaria
1340 2950 1423 3034 quod

240 3057 360 3121 dixisse
385 3055 502 3119 dicitur
525 3054 700 3119 libertus1⁴
733 3078 807 3120 suae
831 3062 993 3139 patronae,
1018 3057 1050 3118 id
1076 3060 1175 3141 egoi5
1203 3057 1312 3120 di001⁶
1340 3104 1422 3117 ....

311 3301 335 3365 1)
358 3298 405 3350 En
424 3303 478 3350 rest
498 3296 554 3349 Mo.
584 3295 635 3351 Ru.
650 3296 722 3351 Mus.
737 3297 787 3350 Pb.
810 3300 911 3360 13‚565.
938 3297 1012 3350 Mue.
1033 3302 1150 3362 (secana
1163 3295 1339 3362 Rubiconem,
1359 3301 1423 3349 rim.

241 3385 315 3453 Verf.
335 3387 387 3437 383
405 3402 432 3438 a.
453 3388 499 3448 2).·
520 3383 665 3452 [Triginta
683 3384 828 3448 lictoribus
847 3385 902 3452 l]ex
921 3391 966 3438 cei.
989 3415 1012 3424 -
1053 3384 1098 3452 Of.
1120 3384 1171 3438 Cic.
1191 3385 1223 3438 de
1241 3385 1257 3437 l.
1277 3401 1333 3453 apr.
1355 3387 1424 3451 2,12,

235 3475 285 3524 31:
305 3470 425 3526 comitiis
449 3499 477 3510 -
497 3468 555 3523 illis
574 3470 610 3522 ad
630 3470 747 3538 speciem
771 3471 856 3538 atque
874 3470 1091 3539 usurpationem
1111 3469 1262 3526 vetustatis
1280 3488 1329 3541 per
1348 3469 1424 3524 XXX

235 3558 349 3614 lictores
368 3557 554 3625 auspiciorum
572 3571 657 3610 causa
669 3555 854 3610 adumbratis.
877 3589 907 3598 -
928 3559 956 3625 2)
984 3556 1025 3623 Of.
1045 3564 1107 3612 tom.
1119 3559 1140 3612 Ι
1152 3576 1178 3627 p.
1191 3561 1227 3612 26
1245 3557 1425 3626 mulslim,-

236 3645 304 3699 Isid.
324 3646 389 3713 oria
411 3647 522 3706 15‚12‚2.
547 3669 584 3680 -·
607 3643 636 3711 3)
656 3642 778 3696 adiutam
800 3644 855 3696 cod.
880 3675 913 3684 -
938 3644 965 3713 l)
985 3646 1117 3713 reliquum
1133 3647 1237 3716 ptossue
1250 3653 1355 3715 partem
1374 3663 1423 3700 om.

235 3731 265 3801 Q.
292 3760 322 3769 --
356 3727 490 3796 tl‘Rufus
509 3732 561 3784 ins.
587 3730 708 3784 Ursinus.
728 3761 759 3768 -
781 3732 808 3798 6)
833 3749 918 3800 quam
939 3732 974 3786 R.
994 3763 1025 3772 -
1047 3734 1073 3802 1)
1089 3740 1154 3803 posi
1172 3733 1236 3788 debi
1255 3735 1425 3790 ...tioium

237 3821 326 3888 sipont
347 3819 383 3881 A,
399 3835 511 3887 perperis
530 3859 536 3872 .
553 3857 580 3872 ..
599 3817 671 3873 baut
691 3817 814 3884 antiqui,
836 3820 908 3887 quod
925 3826 964 3874 esi
981 3821 1090 3875 initium
1103 3838 1166 3892 pop.
1185 3825 1324 3890 sequentis.
1348 3853 1375 3860 -
1397 3821 1425 3891 8)

238 3907 284 3960 Ita
305 3906 395 3974 suppl.
416 3905 510 3972 Not,
528 3904 620 3957 Mus:
638 3902 750 3958 duodec.
772 3908 883 3972 partem
904 3920 1050 3958 usurarum
1069 3907 1225 3962 soluturum
1245 3909 1313 3964 sorti
1333 3908 1424 3962 detra·

236 3994 346 4049 herent.
386 3992 427 4054 of.
449 3991 583 4056 Sireaber,
602 3993 732 4059 Ziussuas
752 3993 794 4046 bei
815 3993 839 4047 d.
861 3992 938 4046 Rom.
952 3996 1062 4048 94-98,
1083 4024 1115 4032 -
1135 3995 1161 4063 9)
1181 3994 1336 4063 aesquilina
1350 3993 1422 4048 GM.

237 4111 268 4122 -
290 4083 333 4152 10)
352 4081 413 4136 tab.
433 4081 485 4135 ins.
506 4079 569 4134 RS.
592 4109 617 4119 -
647 4079 688 4146 Cf.
707 4086 770 4134 torn.
789 4080 850 4149 Ip.
868 4085 905 4134 20
924 4081 976 4136 tub.
996 4082 1038 4150 11,
1048 4087 1072 4135 3.
1091 4112 1123 4120 -
1146 4083 1187 4148 11)
1206 4085 1244 4136 sic
1261 4081 1320 4150 AQ,
1339 4098 1424 4150 quae·

233 4170 354 4226 ctionem
377 4167 432 4223 RS.
463 4197 499 4210 —
525 4169 570 4236 12)
587 4169 629 4222 ibi
648 4167 723 4222 codd.
742 4169 848 4236 reliqui,
868 4183 917 4221 om.
937 4170 973 4222 A.
997 4199 1030 4210 ·—
1060 4170 1102 4238 13)
1119 4169 1249 4236 relicuom
1266 4170 1301 4237 pl.
1317 4175 1423 4238 purtem

234 4273 284 4313 orn.
307 4257 337 4327 Q.
360 4286 388 4296 -
411 4259 457 4322 14)
477 4255 594 4310 libertas
615 4255 736 4309 truditur
755 4254 802 4322 (li.
817 4255 873 4308 ieci.
888 4256 962 4324 dub.)
981 4285 1016 4296 —-
1035 4258 1079 4324 15)
1096 4253 1124 4308 id
1135 4255 1198 4324 ego]
1217 4255 1279 4309 ideo
1298 4256 1424 4309 truditur.

237 4375 268 4384 -
292 4346 333 4412 16)
352 4345 458 4399 hiatum
479 4343 614 4413 siquidcui
630 4344 704 4396 solus
721 4343 755 4396 A.
