3400 5250
668 385 769 440 Edicta
787 389 957 455 praetorum.
1343 387 1406 453 205

313 567 342 630 4.
371 613 479 632 .....
505 562 543 627 Iu
568 562 752 638 bonactus,
777 563 831 646 qui
848 561 1015 626 uinctum
1039 563 1135 642 dedit,
1159 564 1185 627 si
1202 586 1303 648 neque
1319 567 1408 647 pote·

226 672 341 733 statem
364 675 414 734 sui
438 668 535 734 faciet
558 689 660 752 neque
683 667 882 744 defendetur,
907 667 947 730 iri
970 666 1114 734 iubebat

317 775 346 838 5.
381 773 432 838 Ne
458 774 528 857 quis
553 795 634 850 eum,
658 773 713 856 qui
736 771 770 836 in
793 773 843 835 ius
866 772 1043 850 vocabitur,
1068 775 1100 838 vi
1122 774 1242 839 eximat
1264 795 1344 838 neve
1358 770 1408 836 la·

226 877 289 942 ciat
314 878 387 942 dolo
410 878 497 942 malo
521 899 585 961 quo
606 878 710 962 magis
733 877 952 941 eximeretur³.

313 981 351 1048 V.
376 983 432 1048 De
455 983 737 1067 postuland0⁴.
775 983 802 1044 1.
822 983 886 1063 Qut
902 983 1028 1046 omoeiuo
1045 1003 1083 1046 uc
1093 983 1260 1064 postulent.
1298 982 1411 1046 Minor
1434 979 1487 1057 ἓ)

176 1069 179 1077 ,
227 1090 323 1152 cornus
346 1089 447 1154 decem
470 1095 497 1152 et
519 1093 646 1169 septem,
678 1088 796 1152 surdus
820 1089 875 1169 qut
895 1107 1031 1168 prorsus
1053 1108 1116 1152 uon
1137 1087 1229 1152 cudit
1251 1137 1355 1154 .....
1381 1089 1408 1152 si

199 1215 288 1256 *non
314 1193 479 1258 habebunt
503 1193 703 1272 advocatum,
727 1215 786 1277 ego
809 1191 918 1256 nabot

315 1297 345 1362 2.
380 1298 442 1374 Qui
473 1319 531 1380 pro
554 1296 625 1362 aliis
657 1319 697 1360 ne
718 1297 891 1380 postulent.
940 1296 1107 1375 Mulieres,
1139 1317 1245 1362 coecus
1267 1299 1408 1378 utrisque

226 1402 399 1466 luminibus
431 1403 574 1481 orbatus,
607 1402 661 1482 qui
692 1421 820 1482 corpore
841 1422 902 1465 suu
924 1401 1091 1465 muliebrio
1109 1422 1229 1482 possus
1252 1405 1324 1482 erit,
1353 1405 1408 1484 qui

228 1508 358 1590 capituli
382 1509 512 1570 cuimine
534 1508 703 1572 deuocatus
727 1508 801 1584 erit,
832 1507 886 1588 qui
909 1527 1021 1587 operas
1043 1527 1130 1585 suos,
1153 1512 1189 1570 ut
1211 1527 1280 1571 oum
1303 1509 1407 1574 bestiis

226 1612 426 1694 depupnoret,
451 1610 612 1677 tocooeott⁰
630 1661 637 1676 .
655 1661 662 1675 .
680 1661 688 1675 .
706 1664 713 1678 .

316 1717 346 1780 3.
385 1718 446 1798 Qut
462 1718 527 1781 uisi
544 1738 607 1799 pro
625 1719 716 1781 certis
727 1719 875 1798 personis
890 1739 928 1781 uc
938 1717 1106 1798 postulent.
1140 1717 1201 1794 Qui
1220 1719 1290 1804 lege
1305 1718 1407 1803 plebis

229 1821 308 1885 scito
338 1825 467 1886 senatus
492 1822 638 1886 consulto
670 1822 772 1886 edicto
796 1823 920 1887 decreto
943 1822 1123 1907 principum
1146 1823 1209 1888 uisi
1231 1845 1290 1908 pro
1313 1827 1407 1889 certis

227 1927 370 2009 personis
404 1929 567 2011 postulare
590 1927 814 2012 prohibentur,
845 1928 880 1991 hi
903 1949 961 2011 pro
984 1927 1057 2006 alio,
1081 1951 1177 2012 quam
1200 1951 1258 2013 pro
1281 1951 1345 2014 quo
1368 1929 1406 1992 li-

225 2033 325 2110 cebit,
358 2032 391 2096 in
414 2035 483 2097 iure
511 2034 594 2116 apud
625 2056 676 2096 me
698 2055 738 2096 nc
761 2033 951 2116 postulent⁷.
998 2031 1060 2108 Qui
1082 2033 1123 2096 ab
1146 2035 1286 2098 exercitu
1309 2035 1403 2118 igno·

225 2138 344 2202 minine
366 2161 462 2202 causa
485 2139 525 2202 ab
548 2140 742 2222 imperatore
764 2161 849 2217 eove,
880 2137 931 2202 cui
955 2137 993 2202 de
1015 2161 1053 2203 ea
1075 2160 1109 2204 re
1131 2140 1291 2204 statuendi
1313 2143 1404 2222 pote-

225 2248 291 2308 stas
307 2243 416 2321 fuerit,
439 2245 588 2308 dimissus
604 2243 679 2309 erit:
703 2245 757 2328 qui
775 2245 854 2308 artis
870 2243 1009 2308 ludicrae
1025 2244 1293 2328 pronuntiandive
1308 2265 1403 2307 causa

224 2348 259 2412 in
290 2369 437 2413 scaenam
470 2349 640 2432 prodierit:
675 2349 731 2433 qui
759 2349 951 2413 lenocinium
982 2347 1109 2413 feccrit:
1144 2348 1200 2432 qui
1230 2347 1264 2410 in
1287 2347 1404 2411 iudicio

224 2454 352 2536 publico
382 2453 561 2518 calumniae
588 2455 908 2538 praevaricationisve
940 2475 1035 2518 causa
1069 2453 1144 2538 quid
1178 2452 1290 2516 fecisse
1322 2453 1405 2516 iudi·

225 2563 314 2622 catus
337 2558 415 2623 erit:
440 2560 496 2643 qui
518 2558 608 2638 furti,
633 2560 664 2623 vi
683 2560 839 2624 bonorum
855 2568 1030 2644 raptorum,
1054 2559 1255 2634 iniuriarum,
1278 2557 1317 2622 de
1332 2557 1405 2622 dolo

224 2664 309 2728 malo
346 2669 377 2729 et
408 2663 522 2730 fraude
549 2687 606 2730 suo
636 2666 764 2730 nomine
795 2665 964 2730 damnatus
986 2668 1137 2749 pectusve
1159 2663 1237 2728 erit:
1269 2663 1324 2747 qui
1348 2683 1406 2746 pro

226 2770 321 2847 socio,
343 2769 502 2850 fiductce⁸,
527 2771 656 2850 tutelae,
680 2771 834 2849 mandati,
858 2771 996 2854 depositi
1018 2791 1075 2834 suo
1098 2769 1227 2833 nomine
1249 2791 1313 2832 non
1327 2771 1404 2832 'con-

227 2875 327 2938 trario
360 2875 477 2939 iudicio
501 2875 669 2941 damnatus
692 2877 769 2941 erit:
802 2877 858 2961 qui
883 2898 965 2953 earn,
997 2897 1078 2960 quae
1101 2875 1135 2938 in
1157 2877 1315 2957 potestate
1338 2873 1405 2936 eius

225 2982 324 3055 esset,
356 2999 474 3063 genero
502 2985 645 3058 mortuo,
674 3003 745 3044 cum
769 3003 839 3044 eum
863 2984 1024 3044 mortuum
1048 3002 1115 3045 esse
1137 2980 1242 3058 sciret,
1264 2979 1352 3042 intra
1373 2979 1406 3042 id

228 3087 365 3168 tempus,
391 3106 455 3167 quc
479 3085 605 3169 elugere
628 3085 733 3149 virum
755 3085 853 3149 moris
869 3090 927 3163 est,
946 3091 1117 3169 antequam
1134 3083 1237 3149 virum
1253 3083 1405 3167 elugeret,

225 3187 257 3250 in
276 3188 516 3253 matrimonium
541 3189 742 3253 collocaverit
758 3211 866 3252 eamve
882 3189 982 3252 sciens
1001 3186 1117 3274 [ιιιιὶιι]9
1134 3209 1263 3252 uxorem
1280 3187 1407 3250 duxerit

226 3314 290 3356 non
319 3293 408 3357 iussu
439 3293 520 3372 eius,
555 3293 588 3356 in
618 3293 707 3358 cuius
736 3297 895 3376 potestate
918 3297 982 3357 est:
1016 3293 1124 3377 etqui
1149 3315 1231 3369 eum,
1255 3314 1349 3376 quem
1372 3291 1404 3353 in

229 3401 387 3479 potestate
410 3397 553 3475 haberet,
578 3418 657 3475 eam,
681 3397 719 3460 de
734 3419 798 3481 qua
813 3419 908 3480 supra
924 3397 1185 3480 comprehensum
1201 3402 1259 3475 est,
1276 3418 1405 3460 uxorem

227 3501 340 3566 ducere
362 3525 473 3585 passus
497 3501 610 3568 fuerit:
635 3501 728 3586 quive
752 3525 808 3566 suc
831 3503 959 3566 nomine
982 3523 1046 3565 non
1062 3501 1149 3565 iussu
1167 3502 1244 3579 eius,
1268 3502 1301 3566 in
1317 3501 1406 3564 cuius

227 3609 385 3689 potestate
408 3613 499 3687 esset,
524 3609 630 3671 ciusve
646 3607 775 3672 nomine
791 3629 885 3693 quem
902 3629 1037 3691 quamve
1052 3608 1083 3670 in
1101 3612 1259 3691 potestate
1274 3607 1408 3671 haberet

226 3709 303 3774 bina
338 3713 499 3796 sponsalia
532 3714 663 3778 binasvc
694 3714 826 3797 nuptias
854 3714 887 3777 in
913 3711 1020 3778 eodem
1051 3715 1193 3796 tempore
1216 3712 1406 3776 constitutas

225 3816 393 3881 habuerit:
426 3819 480 3901 qui
514 3841 551 3884 ex
575 3819 625 3883 his
650 3821 798 3884 omnibus
828 3818 884 3903 qui
907 3841 1003 3902 supra
1026 3818 1137 3902 scripti
1159 3823 1243 3896 sunt,
1267 3818 1301 3882 in
1324 3817 1406 3881 inte·

230 3943 324 4004 grum
348 3923 517 3987 restitutus
540 3945 603 3989 non
628 3925 702 3988 erit:
735 3947 793 4007 pro
826 3924 889 3988 alio
919 3947 958 3988 ne
979 3925 1152 4008 postulent,
1185 3928 1406 4008 praeterquam

226 4049 284 4108 pro
307 4031 450 4109 parente,
475 4032 611 4110 patrono
634 4033 782 4111 patrona,
810 4029 920 4093 liberis
943 4030 1192 4113 parentibusque
1209 4030 1336 4112 patroni
1350 4049 1408 4112 pa·
1457 4073 1462 4078 -

110 4253 114 4260 ,
316 4199 343 4266 1)
361 4199 446 4268 Diu:
471 4198 709 4272 iudicicsiateudi
727 4217 813 4256 causa
830 4201 1028 4256 fideiussorem.
1046 4229 1082 4240 -
1100 4201 1128 4270 2)
1147 4203 1184 4255 D.
1204 4204 1295 4267 42,4,2
1307 4217 1353 4268 pr.
1372 4200 1408 4268 cf.

228 4285 264 4339 D.
283 4287 389 4352 2,s‚2‚5.
426 4286 462 4338 Ε.
484 4285 515 4338 Ρ.
537 4303 568 4354 p.
585 4289 619 4340 57
636 4301 675 4354 sq.
703 4315 734 4326 -
764 4287 790 4356 3)
813 4287 899 4342 Rutu.
918 4287 958 4343 D.
976 4292 1021 4354 2,7
1038 4289 1082 4341 tct.
1100 4288 1157 4341 eod.
1174 4291 1232 4354 3,2;
1250 4288 1305 4350 4,2.
1324 4315 1357 4324 -
1381 4288 1409 4352 4)

228 4371 313 4425 auur.
332 4372 369 4424 n.
390 4375 464 4440 (sn).
484 4401 518 4412 -
547 4375 574 4439 s)
595 4372 633 4426 1).
652 4377 780 4440 aaran.
800 4403 833 4412 -
852 4376 879 4444 c)
899 4374 937 4428 1).
955 4376 1081 4442 3,1,1‚5.o.
1101 4404 1135 4412 -
1154 4373 1180 4443 ι)
1199 4372 1236 4426 1).
1255 4375 1355 4439 3‚1,1,s.
1374 4403 1409 4412 -

225 4457 255 4528 8)
278 4459 342 4513 Gai.
359 4461 446 4526 4,182.
466 4489 499 4498 -
519 4459 546 4527 9)
565 4459 627 4528 quis
645 4459 693 4514 del.
