3400 5254
762 377 864 434 Festus
1366 385 1407 450 39

232 559 398 642 provincia
421 559 517 622 alicui
541 559 729 635 decernitur,
759 559 843 642 quod
866 563 972 622 tamen
995 559 1098 643 ipsum
1122 566 1249 626 senatus
1272 561 1409 626 consulti

227 667 284 727 est.
331 665 371 728 F.
394 669 468 728 339.

233 768 492 852 [sequester]
516 771 543 834 is
560 769 685 848 dicitur,
709 771 764 854 qui
780 769 864 834 inter
879 769 1014 854 aliquos,
1032 771 1099 854 [qai
1115 776 1246 847 certant,
1262 792 1331 836 aaut
1348 773 1407 856 lta]

233 873 319 938 inter
342 895 395 938 eos
418 876 616 956 convenerit,
650 873 771 958 [teneat
793 875 972 956 depositam
996 876 1146 962 ali]quid‚
1176 882 1213 940 ut
1236 878 1264 941 ei
1287 878 1407 956 reddat,

232 979 297 1043 cui¹
326 981 358 1044 id
382 979 504 1063 [alcheri
526 983 597 1044 icere
623 979 839 1064 eoalstiterit².
887 980 927 1042 F.
951 986 1024 1046 339.

228 1083 249 1150 S
268 1091 457 1149 ertorem
482 1085 611 1169 quidam
634 1089 750 1168 putant
774 1085 893 1149 dictum
916 1087 1139 1169 apreudenda
1165 1088 1240 1172 quia
1255 1109 1326 1152 cum
1341 1089 1408 1154 eui-

228 1190 313 1272 piam
343 1191 468 1254 adserat
492 1212 619 1254 uranum
648 1183 798 1254 educendi
821 1190 888 1253 eius
915 1191 1021 1276 gratia
1037 1213 1075 1255 ex
1090 1193 1243 1256 servitute
1262 1193 1296 1256 in
1311 1192 1408 1258 liber-

230 1299 339 1374 tatem,
375 1301 504 1360 vocetur
536 1296 693 1359 adsertor:
727 1317 799 1360 cum
824 1297 890 1359 veri
914 1297 1048 1360 similius
1071 1297 1114 1360 sit
1137 1297 1256 1366 dictum
1280 1300 1335 1382 qui
1357 1319 1407 1362 se·

231 1405 316 1466 reret
341 1401 434 1484 quid;
459 1423 495 1464 ac
518 1401 625 1484 potius
649 1401 842 1464 adsertorem
865 1403 1031 1466 aserendo
1053 1403 1172 1486 cepisse
1187 1425 1312 1481 nomen,
1337 1426 1408 1469 eum

227 1505 366 1589 aliquem
397 1509 482 1568 serat
504 1505 640 1586 petendo
663 1505 696 1568 in
721 1506 904 1574 libertatem
928 1508 1078 1584 eandem,
1110 1527 1174 1589 qua
1202 1509 1270 1592 ipse
1292 1509 1344 1583 sit,
1375 1510 1407 1574 id

230 1615 279 1674 est
301 1611 424 1693 iungat,
450 1610 525 1694 quia
551 1610 660 1694 fruges
683 1633 754 1675 cum
771 1617 930 1690 seruntur,
955 1616 1058 1678 terrae
1072 1613 1278 1698 iunguntur3.
1316 1613 1405 1690 Quod

230 1720 333 1781 totum
360 1714 494 1780 Verrius
517 1717 680 1790 ἀπιθάνως
704 1717 890 1782 introduxit.
938 1717 978 1781 F.
1003 1723 1077 1783 340.

228 1820 276 1885 Se
291 1822 425 1886 sterti
449 1821 588 1904 uoltum
616 1821 801 1903 Oppias(?)
825 1824 873 1887 ait
896 1825 990 1905 sipaa
1015 1825 1187 1908 eorrttaere]
1212 1825 1355 1908 dupundi
1378 1828 1410 1888 et

230 1927 398 2004 semissis⁶,
423 1927 522 2008 [erade
545 1930 714 1991 sestertias
730 1929 836 2003 dietas
853 1931 946 2010 quast
964 1928 1204 2011 aemulamina
1229 1931 1282 1994 sed
1299 1934 1408 1995 auctos

229 2027 309 2116 essle
327 2038 442 2112 postea
466 2051 557 2096 asses
580 2033 616 2095 aa
639 2033 811 2116 sestertia]
854 2033 947 2116 Apud
972 2035 1120 2117 antiquos
1137 2039 1244 2098 arrtem
1268 2021 1409 2120 [denarii

230 2138 384 2200 deuorarat
409 2139 534 2201 assiam
551 2136 656 2219 elrant
679 2143 710 2202 et
729 2138 876 2202 valebant
894 2139 1062 2222 [decussis
1081 2140 1328 2220 dicebanturque
1343 2145 1409 2203 tuat

230 2238 431 2327 qeeadripalti
457 2241 569 2326 bigati.
606 2240 814 2327 Quinquessis
838 2243 928 2329 [itera
944 2245 1070 2308 ualebat
1085 2247 1281 2326 quinariam.
1320 2243 1408 2308 idern

227 2343 355 2430 auctor]
380 2351 429 2410 est
451 2369 618 2410 numerum
643 2347 724 2410 aeris
741 2347 945 2431 perduotlaac
968 2369 1037 2412 esse
1053 2349 1096 2413 ael
1115 2348 1205 2412 XVI
1226 2350 1259 2418 la
1276 2349 1408 2412 detracto

229 2452 294 2533 leae
317 2451 500 2534 Flulminia
524 2453 628 2516 miuus
652 2453 806 2532 solvendi,
832 2454 915 2536 cupa
932 2455 1131 2518 Hannibalis
1148 2454 1226 2518 dello
1237 2453 1409 2536 proruere]-

228 2562 282 2620 tur
305 2556 469 2642 p(0pulus)
497 2556 716 2642 Rlomauus)⁶.
762 2559 802 2623 F.
827 2565 899 2624 347.

228 2662 477 2728 Sestertius
501 2663 618 2728 dicitur
641 2667 759 2747 quarta
781 2687 856 2748 pars
880 2665 1011 2742 denarii,
1036 2687 1099 2748 quo
1123 2670 1265 2748 tempore
1287 2662 1332 2728 is⁷
1356 2663 1410 2726 de-

228 2767 343 2832 cussis8
367 2768 502 2845 valebat,
527 2769 559 2832 id
582 2773 630 2832 est
653 2770 834 2852 dupundius
858 2771 978 2835 semis⁹.
1014 2769 1053 2834 F.
1069 2775 1143 2835 334.
1168 2772 1219 2852 (=
1245 2771 1281 2836 P.
1300 2770 1390 2854 335.)

312 2977 335 3044 1)
354 2979 401 3046 qu
422 2979 477 3031 coa.
506 3007 538 3016 -
564 2979 592 3046 a)
613 2978 654 3046 cf.
674 2981 741 3032 raa.
761 2997 799 3036 a.
820 2983 925 3049 aeaco.
954 3011 985 3020 -
1011 2983 1038 3051 a)
1057 2981 1151 3049 ranae
1170 2981 1226 3035 aa
1246 3010 1278 3019 -
1305 2982 1333 3048 4)
1352 2980 1410 3032 aa·
1509 2957 1511 2961 ’

231 3072 315 3119 trerua
338 3066 428 3120 littera
446 3082 510 3118 aaut
529 3083 544 3118 o
563 3067 606 3129 sit,
626 3065 743 3118 datiam.
762 3096 797 3104 —
816 3067 843 3135 5)
862 3067 967 3121 semisis
987 3069 1041 3122 ecel.
1061 3099 1096 3106 -
1114 3070 1140 3132 6)
1159 3068 1233 3130 Ptin.
1251 3068 1275 3118 lr.
1295 3085 1321 3120 a.
1342 3070 1409 3132 33,3‚

232 3157 350 3206 44-47:
371 3156 528 3222 Argentum
546 3153 688 3221 signatum
710 3157 751 3206 est
771 3171 795 3206 a.
814 3171 841 3207 u.
859 3153 1070 3208 CCCCLXXXV
1090 3186 1131 3215 -.
1150 3157 1179 3208 et
1197 3153 1307 3224 placuit
1325 3151 1409 3206 dena-

205 3241 301 3294 rium
334 3257 384 3310 pro
409 3239 530 3293 Xlibris
550 3238 634 3302 aeris,
661 3238 820 3307 quinarium
841 3258 891 3308 pro
913 3240 943 3302 V,
970 3240 1129 3294 sestertium
1150 3258 1200 3310 pro
1218 3239 1359 3308 dupondio
1379 3255 1411 3292 ac
1481 3254 1485 3262 ‘

233 3330 353 3382 semisse.
390 3327 503 3382 Librale
522 3331 615 3381 autem
634 3326 742 3396 pondus
762 3327 834 3380 aeris
853 3325 1032 3380 imminutum
1052 3330 1093 3382 est
1106 3327 1182 3382 bello
1194 3327 1298 3382 Punico
1310 3325 1409 3396 primo,

231 3447 264 3455 -
286 3415 541 3484 constitutumque,
570 3417 603 3468 ut
631 3429 703 3468 asses
729 3416 903 3471 sextantario
927 3415 1050 3485 pondere
1073 3417 1232 3470 ferirentur.
1256 3415 1410 3470 —Postea

232 3503 398 3558 Hannibale
416 3505 536 3572 urgente
549 3503 578 3568 t).
593 3502 681 3558 Fabio
695 3502 819 3558 Maximo
839 3502 978 3558 dictatore
997 3506 1034 3574 (a.
1047 3522 1074 3559 a.
1087 3521 1108 3558 c.
1120 3507 1181 3572 537)
1200 3519 1274 3557 asses
1287 3503 1410 3556 unciales

228 3591 319 3653 facti,
349 3591 510 3662 placuitque
534 3591 681 3646 denarium
701 3581 823 3646 ¹sedecim
847 3593 954 3646 assibus
973 3591 1138 3662 permutari,
1161 3591 1321 3660 quinarium
1340 3593 1410 3652 octo,

233 3679 391 3733 sestertium
411 3681 554 3748 quattuor.
579 3711 608 3718 -
631 3681 693 3734 Mox
712 3679 776 3746 lege
789 3679 902 3749 Papiria
921 3681 957 3747 (a.
972 3683 1032 3748 665)
1050 3678 1228 3733 semunciarii
1247 3695 1320 3731 asses
1333 3677 1409 3733 facti.

233 3766 327 3820 Livius
341 3767 447 3819 Drusus
468 3767 495 3820 in
516 3765 665 3819 tribunatu
687 3765 775 3836 plebis
795 3768 830 3834 (a.
842 3769 903 3834 663)
922 3769 1052 3822 octavam
1071 3769 1181 3835 partem
1200 3765 1272 3818 aeris
1292 3766 1410 3832 argento

232 3855 351 3909 miscuit.
391 3855 417 3908 Is
440 3855 488 3923 qui
513 3871 587 3908 nunc
604 3853 770 3909 victoriatus
790 3855 958 3924 appellatur,
979 3855 1040 3922 lege
1059 3852 1157 3908 Clodia
1175 3854 1206 3918 (e.
1226 3871 1251 3908 a.
1271 3853 1332 3920 650)
1350 3868 1410 3920 per·

234 3961 328 3997 cussus
347 3944 398 3996 est.
436 3942 529 3996 Antea
547 3941 593 3996 hio
611 3941 684 3996 enim
705 3957 835 3995 nummus
855 3959 887 3996 ex
900 3941 1013 4010 illyrica
1032 3941 1165 3994 advectus
1178 3939 1275 3994 mercis
1288 3940 1348 3994 loeo
1361 3939 1410 3992 ha·

235 4033 364 4087 bebatur.
402 4033 451 4084 Est
470 4033 566 4086 autem
585 4031 714 4100 signatus
726 4030 860 4088 Victoria.
887 4030 975 4085 Maec.
993 4033 1061 4084 assas
1079 4030 1154 4084 dr‘str.
1171 4033 1220 4082 45:
1242 4025 1411 4080 Victoriatus

232 4137 305 4174 nunc
326 4118 494 4174 tantundem
514 4118 601 4181 valet,
619 4121 758 4186 qrrentum
778 4117 931 4188 quinarius,
951 4117 1017 4173 olim
1037 4149 1070 4156 -
1091 4117 1149 4172 loeo
1162 4116 1260 4170 mercis
1280 4113 1410 4167 -habe-

230 4207 324 4260 batur.
363 4204 407 4273 0).
427 4205 497 4271 Μο.,
521 4209 585 4258 adua
607 4205 776 4258 Maaawesea
796 4224 825 4273 p.
844 4207 993 4259 ass-308.
1013 4207 1073 4257 338.
1092 4206 1242 4269 387--400,
1263 4203 1311 4270 qut
1327 4217 1411 4254 emcn-

231 4293 305 4346 daatt
323 4293 505 4360 supplementa
524 4291 657 4346 Muellerc'.
684 4324 717 4330 —
741 4295 767 4362 7)
787 4295 830 4347 his
851 4295 906 4348 eorl.
940 4325 972 4332 -
1002 4293 1028 4362 8)
1048 4291 1154 4347 deensis
1172 4293 1226 4346 eod.
1257 4319 1286 4328 -
1316 4292 1343 4358 9)
1362 4289 1411 4342 du·

231 4379 352 4447 puudius
372 4379 427 4432 eccl.
452 4381 482 4432 ia
496 4380 568 4448 folio
589 4387 706 4434 eatrearo
725 4387 847 4449 (sequeus
867 4381 979 4449 deficat),
1009 4379 1165 4449 dupondius
1184 4382 1213 4434 et
1231 4376 1411 4433 semistertius

234 4467 284 4531 (sie
303 4465 341 4532 03
360 4466 443 4520 semis
461 4469 530 4521 raale
549 4468 634 4535 Mae.)
654 4469 765 4523 Paulas.
