3400 5250
761 402 833 460 SOC.
851 404 886 459 de
904 402 1066 458 Thisbneis.

469 583 504 644 τό
535 579 747 663 στρατόπεδον
778 581 857 660 πρὸς
881 581 938 660 τὴν
961 575 1051 639 πόλιν
1075 573 1194 660 Θίσβας
1216 573 1501 658 upon-inmunem

471 687 555 758 ὅπως
579 687 664 748 ούτοι
687 685 740 769 ἔτη
765 683 844 746 δέκα
866 682 937 770 τ[όι]
963 683 1092 766 ἔγγιστα
1114 681 1310 762 κυριεύωσιν.
1356 677 1480 756 Ἔδοξε.

409 791 438 873 ο)
464 789 533 874 (95)
558 793 629 872 περὶ
652 789 768 873 χώρας,
793 791 899 854 οἰκιῶν
923 789 1061 852 καὶτῶν
1085 785 1291 868 ὑπαρχόντων
1314 785 1435 858 αὐτοῖς·

471 897 507 958 ού
530 894 607 958 ποτέ
632 895 700 980 (26)
725 917 753 958 τι
778 897 880 958 αὐτῶν
901 893 1039 977 γέγονεν,
1064 895 1148 966 ὅπως
1172 890 1241 976 [τὰ]
1260 889 1379 954 ἑαυτῶν
1396 891 1505 963 αὐτοῖς

471 1001 553 1084 ἔχειν
577 999 652 1084 ἑξῆι.
700 1001 768 1085 (2⁷)
792 999 934 1077 Ἔδοξεν.

367 1105 399 1189 2)
423 1103 585 1180 Ὡσαύτως
616 1107 687 1188 περὶ
710 1107 753 1168 dv
777 1105 805 1168 οἱ
828 1106 915 1168 αύτοί
939 1104 1053 1188 λόγους
1077 1101 1272 1186 ἐποιήσαντο,
1296 1098 1408 1186 decede]
1434 1097 1504 1186 (²³)

323 1209 351 1272 οἱ
373 1209 542 1292 αὐτόμολοι
569 1211 597 1274 οἱ
620 1211 690 1274 ἴδιοι
715 1211 782 1274 ἐκεῖ
805 1209 942 1292 φυγάδες
967 1208 1080 1289 ὄντες),
1103 1211 1159 1291 τὴν
1177 1209 1279 1290 ἄκραν
1296 1207 1399 1279 αὐτοῖς
1419 1207 1506 1280 ὅπως

324 1315 392 1400 (29)
416 1315 547 1399 τειχίσαι
569 1315 635 1400 ἐξῆι
658 1318 713 1379 καὶ
734 1317 802 1379 ἐκεῖ
825 1324 1014 1379 κατοικῶσιν
1037 1317 1132 1394 ούτσι,
1156 1312 1273 1374 καύότι
1293 1309 1505 1394 ἐνεφάνισαν).

411 1421 581 1506 omnum
604 1421 729 1498 ἔδοξεν·
754 1423 838 1496 ὅπως
862 1422 931 1484 ἐκεῖ
952 1429 1144 1483 κατοικῶσιν
1168 1419 1224 1480 καὶ
1247 1425 1339 1480 τοῦτο
1362 1415 1506 1498 τειχίου-

323 1546 378 1591 σιν.
423 1525 637 1612 Ἔδο(31)ξεν.

419 1631 472 1714 2ο)
497 1629 563 1714 Τὴν
587 1630 677 1694 πόλιν
701 1631 832 1713 τειχίσαι
855 1632 915 1694 οὐκ
940 1629 1056 1707 ἔδοξεν.

368 1735 400 1820 3)
424 1733 586 1808 Ὡσαύτως
609 1737 680 1817 περὶ
704 1737 746 1798 ὧν
771 1735 800 1797 οἱ
823 1736 911 1798 αὐτοὶ
929 1735 999 1820 (32)
1017 1734 1132 1818 λόγους
1149 1735 1348 1817 ἐποιήσαντο,
1365 1732 1506 1816 χρυσίον,

323 1841 340 1902 δ
364 1839 557 1923 συνήνεγκαν
580 1840 623 1914 εἰς
647 1838 798 1921 στέφανον
823 1838 982 1923 ό(33)ττως
1003 1839 1046 1912 εἰς
1071 1840 1105 1901 τό
1129 1835 1336 1902 Καπετώλιον
1352 1836 1506 1918 στέφανον

323 1944 603 2007 κατασκευάσωσιν
635 1943 755 2017 τούτοις
787 1941 1005 2028 καύ(34)[ότι]
1035 1941 1253 2024 ἑνεφάνισανῖ,
1289 1944 1373 2016 ὅπως
1398 1941 1505 2016 αὐτοῖς

324 2049 499 2133 ἀποδούῆι,
532 2051 616 2124 όπως
646 2058 756 2111 τοῦτον
786 2051 838 2111 τδν
872 2047 1023 2130 στέφανον
1047 2048 1090 2121 εἰς
1115 2047 1183 2132 (35)
1210 2048 1273 2131 [τό]
1299 2043 1505 2109 Καπετώλιον

323 2155 622 2218 κατασκευάσωσιν·

412 2261 511 2334 ούτιυς
535 2260 706 2322 ἀποδουναι
729 2257 844 2335 ἔδοξεν.

367 2362 400 2446 4)
425 2361 688 2450 Ὡσαύ(86)[τ)ιυς
711 2365 782 2446 περὶ
806 2366 848 2426 ὢν
872 2363 901 2426 οἱ
924 2365 1012 2427 αὐτοὶ
1036 2363 1151 2447 λόγους
1175 2364 1362 2446 ἐποιήσαντο
1458 2373 1461 2381 ’

475 2521 618 2603 nerunt],
651 2525 817 2601 unteqnum
842 2520 875 2585 0.
900 2519 1067 2585 Lueretius
1099 2521 1267 2584 enereitum
1289 2520 1332 2583 nd
1355 2519 1507 2600 oppidum

480 2624 613 2688 Thisbes
635 2625 779 2704 admonit,
803 2631 837 2688 nt
860 2627 884 2688 ii
907 2625 1007 2690 decem
1030 2626 1126 2690 annis
1142 2625 1303 2706 pronimis
1327 2625 1506 2687 obtinerent.

479 2726 638 2794 Censnere.

427 2836 457 2914 c)
481 2833 518 2898 de
539 2855 615 2915 uero
639 2841 666 2898 et
687 2837 815 2900 nedibus
839 2841 865 2899 et
888 2837 976 2899 benis
999 2836 1074 2912 sirie,

482 2939 701 3020 cuiuscumque
722 2939 799 3020 qnid
821 2960 927 3003 eorum
947 2939 1019 3018 tuit,
1043 2944 1077 3002 ut
1099 2958 1158 3000 sna
1181 2935 1242 2999 sibi
1269 2936 1379 2999 trabere
1396 2936 1505 2998 liceret.

484 3039 643 3106 Omsnere.

374 3144 412 3224 2)
436 3142 516 3207 Item
539 3145 621 3224 qnod
643 3145 737 3208 iidem
759 3145 850 3208 verbu
864 3145 1017 3227 fecerunt,
1041 3150 1076 3208 ut
1092 3145 1146 3225 qni
1160 3145 1345 3228 trunsfnyne
1361 3144 1506 3224 ipsorum

324 3249 369 3312 ibi
392 3249 495 3313 eunies
517 3249 641 3328 essent¹‚
665 3270 767 3314 nreem
789 3249 831 3312 iis
853 3255 887 3312 ut
910 3250 1100 3312 communire
1123 3249 1232 3326 iieeret,
1257 3253 1284 3312 et
1306 3249 1350 3311 iti
1373 3250 1399 3312 ii
1416 3249 1504 3312 hubi-

324 3357 432 3432 turent‚
456 3355 503 3417 uti
525 3353 801 3436 siqnideurernnd,

411 3460 457 3523 itu
474 3466 670 3524 retinuerunt:
694 3467 729 3524 nt
745 3462 788 3524 ibi
803 3461 979 3524 dubitarent
994 3465 1021 3524 et
1035 3459 1070 3524 id
1085 3461 1318 3522 communirent.
1346 3458 1505 3524 Oensuere.

430 3566 491 3646 2n)
517 3563 678 3646 Oppidum
701 3567 888 3629 eemmnniri
910 3586 973 3628 non
997 3570 1188 3629 emsuerunt.

377 3670 412 3752 3)
437 3668 517 3733 Item
540 3671 623 3750 quod
644 3671 740 3735 iidem
762 3672 855 3735 verbu
876 3669 1028 3747 fecerunt,
1061 3689 1183 3746 nurum,
1208 3669 1291 3748 qnod
1313 3669 1510 3734 contulerunt

325 3774 359 3836 in
382 3793 538 3852 eoronam,
562 3776 645 3838 utin
663 3773 817 3856 Onnitotio
834 3795 981 3838 toronum
995 3779 1150 3854 ponerent,
1176 3775 1217 3837 iis
1229 3775 1283 3854 (t),
1300 3775 1358 3842 ,nti
1383 3775 1507 3856 siqnid-

326 3875 495 3956 caterine,
516 3884 550 3942 nt
561 3880 642 3960 ipsis
653 3879 839 3956 redderetur,
852 3884 888 3942 ut
899 3899 966 3942 enm
976 3897 1123 3940 toronum
1134 3878 1169 3940 in
1180 3877 1333 3958 Capitolio
1343 3885 1507 3961 ponerent,

412 3983 457 4045 itu
480 3983 570 4046 reddi
593 3989 784 4056 censuerunt.

377 4089 412 4168 4)
435 4085 516 4150 Item
538 4087 621 4167 quod
642 4087 735 4151 iidem
758 4088 850 4152 verbu
865 4089 1011 4168 jecerunt

397 4222 422 4290 1)
440 4222 597 4293 Siquidenri
615 4223 739 4276 videntur
756 4223 914 4292 trenetuqne
935 4221 1125 4276 Thisbaeorum
1143 4223 1191 4290 qui
1211 4222 1313 4275 Ronme
1330 4224 1510 4282 exulaverant

327 4320 393 4376 (non
410 4311 568 4376 mutabam)
593 4311 649 4362 inm
670 4313 769 4364 reversi
787 4311 900 4364 domum.
919 4341 954 4348 -
974 4308 1002 4376 2)
1026 4309 1110 4364 Verte
1128 4313 1225 4363 uentu
1244 4314 1399 4376 ἐνεφάνισαν
1419 4313 1465 4366 trie
1484 4322 1510 4370 et

324 4397 401 4466 infru
418 4414 442 4451 υ.
460 4401 495 4450 34
512 4395 666 4465 siqnidennt
683 4412 726 4450 eos
744 4397 862 4450 nominee
879 4399 927 4464 qni
942 4412 1026 4464 supra
1040 4411 1064 4449 ο.
1076 4399 1112 4448 23
1130 4403 1155 4449 et
1167 4399 1203 4450 24
1222 4397 1252 4449 in
1263 4398 1410 4451 amicitiem
1426 4417 1455 4468 p.
1473 4401 1508 4456 R.

325 4485 425 4538 venisse
441 4485 570 4538 dicuntur
587 4489 649 4536 ante
669 4481 696 4536 0.
716 4481 839 4536 Inieretii
855 4482 1058 4550 expeditionem.
