3400 5250
299 363 364 428 218
749 361 852 418 Edicta
869 366 1041 433 praetorum.

217 537 284 615 §5553
389 537 508 604 XXIX.
544 537 602 604 De
625 561 734 624 sque
756 544 798 603 et
820 562 949 624 aquae
971 540 1400 624 pluviae-arcendam.

194 643 289 721 {iffi
388 642 490 709 XXX.
526 643 955 709 Deliberolicsuset
1002 646 1483 711 rsiessermrmemlmer-

298 751 394 812 tatem
411 753 549 828 petatur.
595 749 625 813 2.
660 749 698 813 Si
721 770 759 814 es
781 749 919 814 libertate
951 752 984 813 in
1006 752 1185 815 seruitutem
1202 751 1358 832 petoimr³.
1398 753 1428 816 3.
1450 750 1485 815 Si

298 855 517 916 controversis
550 854 627 930 erit,
659 858 768 918 utrum
791 877 829 918 ex
853 855 1007 918 servitute
1030 857 1064 918 in
1088 855 1270 920 libertatem
1293 859 1420 939 petatur
1442 878 1482 920 sn

302 977 339 1020 ex
363 956 514 1021 libertate
536 958 570 1020 in
595 959 798 1022 servitutem⁴
816 1008 950 1022 ......

216 1061 281 1140 353·
389 1059 508 1127 XXXI.
544 1060 602 1126 De
625 1063 901 1146 publicanis⁶.
948 1063 1039 1139 Quod
1062 1063 1250 1148 publicanus
1274 1065 1342 1129 eius
1364 1065 1484 1148 publici

298 1165 428 1230 nomine
450 1167 481 1230 vi
504 1167 660 1232 ademerit
683 1169 808 1252 quodve
829 1167 955 1231 familis
977 1168 1232 1252 publicanorum,
1256 1169 1283 1234 si
1304 1170 1337 1234 id
1352 1169 1480 1234 restitu-

298 1274 368 1334 tum
391 1291 455 1334 non
480 1272 551 1350 erit,
575 1272 609 1336 in
632 1273 766 1356 duplum
782 1277 848 1348 aut,
872 1273 899 1336 si
914 1278 989 1356 post
1004 1295 1124 1337 1111111111
1141 1278 1267 1357 agetur,
1281 1275 1316 1338 in
1331 1272 1483 1357 simplum

297 1374 450 1440 iudicium
486 1376 579 1441 dsbo.
617 1377 694 1440 item
717 1379 744 1440 si
768 1377 920 1440 damnum
943 1378 1064 1442 iniuria
1086 1378 1252 1443 furtumve
1273 1380 1394 1444 facturn
1417 1400 1484 1442 esse

299 1479 432 1559 dicetur,
457 1481 610 1546 iudicium
634 1483 726 1546 dabo.
761 1483 789 1546 si
811 1481 846 1545 hi
870 1483 910 1546 sd
934 1504 1017 1566 quos
1039 1505 1077 1548 ea
1092 1506 1142 1548 res
1158 1483 1333 1567 pertinebit
1349 1505 1413 1547 non
1429 1505 1483 1547 ex·
1559 1484 1563 1490 ’

298 1583 526 1665 hibebuntur⁷‚
550 1587 583 1650 in
608 1586 753 1650 dominos
776 1589 844 1667 sipe
867 1609 971 1650 noxae
994 1587 1153 1652 deditione
1175 1587 1328 1652 iudicium
1351 1585 1459 1650 dsbo⁸.

215 1693 281 1770 ξζξξ]
387 1689 524 1756 XXXII.
558 1691 615 1756 De
639 1691 1024 1776 praediatoribus⁰.

215 1798 282 1877 ἓξ)
387 1793 539 1860 XXXIIL
576 1796 636 1860 De
658 1797 696 1860 oi
718 1797 842 1860 turbo
864 1798 1062 1861 iuoeudio
1085 1798 1139 1862 rel.

394 1905 422 1965 l.
461 1901 499 1964 Vi
523 1902 675 1965 horrorum
696 1907 862 1982 ruptorum
885 1907 913 1966 et
937 1902 974 1965 de
998 1900 1135 1965 tmrbo¹⁰.
1181 1900 1215 1965 Si
1238 1903 1288 1965 cui
1311 1901 1384 1965 dolo
1399 1901 1484 1964 malo

299 2004 485 2070 hominibus
516 2005 634 2069 coactis
664 2005 772 2070 damni
804 2007 881 2090 quid
912 2006 1042 2096 fectum,
1067 2026 1136 2070 esse
1159 2005 1282 2070 dicetur
1305 2007 1372 2070 sive
1395 2005 1484 2070 cuius

299 2109 384 2173 bons
409 2113 503 2193 rapte
526 2131 593 2174 esse
616 2110 772 2186 dicentur,
802 2111 836 2174 in
859 2133 941 2188 eum,
976 2111 1031 2194 qui
1055 2110 1086 2174 id
1111 2109 1222 2174 iecisse
1245 2110 1377 2188 dicetur,
1400 2109 1484 2174 iudi·

297 2213 382 2278 cium
397 2215 489 2279 dabo.
525 2215 601 2280 item
626 2217 653 2278 si
669 2237 778 2280 servus
804 2215 917 2280 fecisse
934 2215 1067 2292 dicetur,
1094 2215 1128 2277 in
1144 2215 1307 2278 dominum
1332 2215 1481 2278 iudicium

296 2317 411 2386 noxale
433 2319 553 2384 dobo¹¹.
600 2319 698 2385 Cuius
720 2320 793 2384 dolo
817 2319 902 2384 mslo
926 2320 961 2383 in
977 2318 1073 2382 turbe
1099 2317 1238 2382 domni²²
1263 2320 1339 2400 quid
1361 2318 1483 2383 facturn

298 2446 365 2488 esse
388 2424 520 2504 dicetur,
544 2425 577 2489 in
602 2424 849 2504 comissum,
874 2447 938 2508 quo
961 2423 1101 2507 primum
1125 2424 1163 2488 de
1188 2446 1224 2488 es
1240 2446 1274 2488 re
1299 2423 1483 2506 experiundi

297 2533 441 2612 potestas
468 2529 584 2608 fuerit,
617 2529 651 2592 in
676 2527 826 2612 duplum,
860 2533 934 2612 post
957 2550 1077 2592 annum
1101 2528 1134 2590 in
1157 2526 1307 2610 simplum
1331 2527 1484 2592 iudicium

298 2629 414 2698 dobo²⁸.

213 2734 277 2813 3:323
387 2737 419 2802 2.
454 2737 501 2802 De
536 2739 681 2803 incendio
716 2740 809 2803 ruins
842 2740 1013 2824 naufragio
1045 2743 1114 2804 rste
1146 2761 1226 2803 nove
1257 2743 1481 2822 expugrrsta²⁴.

299 2841 336 2906 In
359 2865 442 2922 eum,
476 2843 532 2926 qui
555 2865 593 2908 ex
615 2843 761 2908 incendio
784 2845 878 2908 ruins
906 2845 1079 2930 naufragio
1103 2849 1174 2909 rate
1196 2866 1277 2908 neve
1300 2847 1483 2928 expugnata

301 2947 378 3031 quid
412 2948 555 3030 rapuisse
586 2949 740 3030 recepisse
767 2945 840 3012 dolo
866 2947 952 3012 malo
980 2947 1127 3012 damnive
1154 2949 1231 3033 quid
1254 2949 1287 3012 in
1310 2949 1361 3012 bis
1385 2946 1482 3010 rebus

301 3052 424 3116 dedisse
447 3051 585 3116 dicetur:
609 3053 643 3116 in
666 3053 881 3136 quadruplum
904 3051 938 3116 in
956 3074 1050 3131 anno,
1075 3075 1138 3136 quo
1162 3055 1302 3138 primum
1325 3055 1363 3116 de
1386 3074 1423 3116 en
1448 3074 1483 3118 re

303 3157 489 3241 experiundi
520 3161 661 3240 potestas
692 3157 804 3234 fuerit,
838 3162 911 3242 post
943 3179 1062 3222 annum
1092 3157 1127 3222 in
1155 3158 1307 3240 simplum
1329 3157 1482 3221 iudicium

302 3262 394 3326 dabo.
429 3262 508 3326 item
536 3262 571 3326 in
593 3285 719 3328 servum
749 3267 781 3328 et
803 3263 837 3326 in
860 3261 1018 3326 familiam
1040 3262 1192 3326 iudicium
1215 3261 1332 3326 dabor.

369 3558 395 3627 1)
415 3557 502 3611 Rubr.
515 3558 552 3612 D.
563 3563 633 3626 39,3.
653 3559 725 3613 Ibid.
739 3563 785 3612 13:
805 3558 875 3613 ‘Gon
894 3558 931 3612 sd
944 3557 987 3612 ed.
1001 3575 1043 3626 pr.
1057 3558 1118 3610 urb.
1138 3557 1184 3610 tit.
1204 3555 1239 3611 de
1252 3571 1345 3626 aquae
1368 3555 1485 3624 pluviae

298 3644 453 3699 arcendse’.
476 3675 504 3684 -
521 3645 548 3710 2)
562 3645 709 3700 Rubrium
722 3647 826 3700 exbibet
845 3645 906 3701 Gai.
921 3646 960 3698 D.
970 3648 1202 3712 40,12,2.4.6.9.11.
1217 3675 1252 3684 -
1264 3644 1292 3714 3)
1306 3644 1342 3696 Ε.
1354 3644 1386 3696 P.
1400 3648 1484 3708 §178

295 3737 357 3786 179.
376 3763 410 3774 -—
429 3735 458 3798 4)
480 3733 509 3788 0.
528 3737 637 3802 r,16,21.
665 3733 707 3803 Of.
727 3734 765 3787 D.
778 3737 919 3802 40‚1277‚5.
950 3734 1053 3787 Thaioi.
1072 3735 1102 3786 iu
1121 3733 1202 3786 schol.
1221 3731 1287 3786 Bos.
1300 3734 1430 3798 48,20‚21.
1450 3761 1486 3770 -

185 3823 190 3832 “
300 3821 327 3886 5)
347 3818 497 3888 1).39,4,5.·
516 3819 588 3876 ‘Gau
607 3820 644 3875 sd
663 3821 706 3876 ed.
724 3839 767 3891 pr.
787 3821 848 3875 urb.
868 3821 914 3876 tit.
927 3821 962 3874 de
974 3818 1151 3890 publicanis?
1171 3849 1205 3858 —
1224 3819 1253 3880 6)
1272 3817 1364 3872 Flore:
1383 3818 1485 3887 ‘publi-

299 3905 379 3961 cani‘.
418 3907 506 3962 Basil.
525 3911 620 3975 56,1,1:
640 3912 746 3975 ὀνόματι
764 3915 810 3960 τοῦ
828 3911 931 3972 τέλους.
950 3937 986 3946 -
1005 3906 1032 3976 7)
1051 3907 1089 3960 D.
1107 3909 1229 3974 39‚4,1,6.
1249 3933 1283 3944 -
1301 3904 1329 3974 8)
1348 3904 1385 3958 D.
1399 3907 1486 3972 39,4‚1

295 4009 338 4061 pr.
360 4023 395 4033 -
414 3995 442 4062 9)
462 3994 547 4048 Rubr.
568 3995 672 4048 cohibet
690 3994 751 4048 Gai.
771 3994 809 4049 D.
828 3998 941 4061 23‚3‚54.
971 3995 1013 4062 Of.
1033 3995 1313 4061 1150113940.-
1334 3993 1378 4059 10)
1399 3991 1485 4045 Rnbr.

298 4081 336 4134 D.
355 4085 425 4148 47,8.
450 4111 482 4122 --
511 4081 553 4151 11)
573 4081 611 4136 D.
628 4084 717 4148 47‚8‚2
729 4098 774 4150 pr.
812 4080 845 4134 Si
863 4083 932 4135 iuris
951 4082 1135 4135 consultorum
1155 4079 1358 4134 commentarios
1375 4095 1485 4132 aemmo-

301 4169 356 4222 tins
381 4170 543 4237 inspexeris,
574 4169 768 4223 Tmbomiamum
787 4169 927 4236 complura
943 4170 1056 4238 pemmim‘
1073 4168 1153 4222 edicti
1171 4167 1251 4220 uerba
1269 4167 1386 4220 omisisse
1400 4165 1487 4233 fucris

299 4255 440 4324 intellepes.
472 4255 513 4317 Of.
533 4257 568 4311 Ε.
583 4256 615 4311 Ρ.
633 4258 720 4320 ἕ187.
758 4254 920 4308 Formulam
933 4255 1060 4323 familiae
1077 4254 1186 4307 monime
1201 4252 1370 4320 propositam
1382 4253 1487 4306 schebet

301 4341 355 4396 Cic.
370 4358 424 4410 pro
445 4343 695 4411 Tult3,r,·13‚31.
717 4371 754 4382 -
774 4343 819 4411 12)
838 4342 935 4397 Flos:
964 4341 1126 4397 'domnum'.
1164 4337 1486 4404 of.1).4r,s‚4,4.6im.

298 4431 317 4481 2
332 4445 377 4497 pr.
398 4457 430 4468 -
452 4430 495 4502 11)
513 4431 551 4484 1).
570 4434 659 4499 41,1,4
674 4447 717 4498 pr.
737 4459 773 4470 -
793 4431 836 4500 14)
856 4430 943 4485 Rure.
962 4431 1082 4496 11411.
1099 4454 1134 4466 -
1154 4428 1198 4492 15)
1216 4425 1354 4491 1).41,1,1
1373 4441 1414 4490 pr.
