3386 5240
730 385 817 454 Leges
837 385 889 440 Vll
908 386 1079 440 tabularum.

409 559 439 624 3.
489 558 552 626 Otr.
587 560 643 646 (ud
668 563 733 626 Au.
762 561 873 646 6,1‚8):
908 561 1077 646 Equibus
1109 563 1213 647 (libris
1237 566 1274 630 de
1297 569 1376 653 rep.)
1404 593 1504 636 unum
1532 637 1537 645 ,

321 661 477 746 ἱστορικὸν
500 665 637 748 requiris
667 667 704 730 de
728 665 784 730 Cn.
804 665 919 730 Flavio
942 665 1029 732 Anni
1052 667 1074 732 f.
1120 668 1179 734 Ille
1203 692 1277 736 vero
1300 678 1373 738 ante
1388 673 1507 740 Xviros

320 790 385 832 non
409 767 482 834 fuit.
507 807 550 816 —
574 767 657 844 Quid
689 791 768 855 ergo
790 770 937 854 profecit,
962 771 1044 854 quod
1068 772 1205 854 protulit
1226 774 1351 842 fastos?
1370 815 1373 819 ·
1390 777 1506 843 Occal-

320 876 422 936 tatam
453 878 572 956 putant
605 875 744 958 quodam
767 880 914 960 tempore
934 876 1030 940 istem
1052 877 1212 956 tabulam,
1242 885 1279 944 ut
1301 882 1367 946 dies
1390 884 1503 968 agendi

321 983 505 1061 peterentur
528 1003 546 1044 a
570 981 689 1063 paucis,

770 1105 1046 1224 vnennrxn.

413 1295 441 1358 l.
491 1294 594 1359 Gaius
610 1295 737 1378 (4,28):
761 1294 845 1379 Lege
861 1301 969 1362 autem
985 1297 1167 1362 introducta
1182 1304 1230 1363 est
1246 1301 1388 1384 pignoris
1403 1301 1504 1384 rapio,

322 1399 421 1464 veluti
450 1399 520 1485 lege
553 1399 617 1464 XII
640 1401 706 1464 tab.
740 1401 889 1464 adversus
919 1424 1006 1478 eum,
1043 1403 1098 1486 qui
1129 1401 1269 1468 hostiam
1299 1405 1424 1470 emisset
1446 1429 1505 1470 nec

322 1503 459 1586 pretium
491 1505 652 1582 redderet;
682 1507 761 1570 item
783 1507 932 1570 adversas
955 1529 1036 1582 eum,
1067 1509 1323 1592 quimercedem
1345 1533 1408 1575 uon
1432 1513 1504 1576 red·

322 1610 410 1673 deret
434 1631 492 1694 pro
516 1633 552 1675 eo
575 1611 726 1689 iumento,
752 1613 836 1695 quod
852 1613 923 1696 quis
945 1613 1015 1676 ideo
1030 1613 1174 1692 locasset,
1198 1619 1235 1678 ut
1250 1616 1323 1678 inde
1338 1617 1502 1698 pecuniam

323 1719 482 1798 acceptam
505 1716 538 1779 in
562 1717 685 1799 dapem,
709 1717 742 1780 id
766 1722 813 1781 est
836 1717 871 1781 in
894 1717 1094 1797 sacrificium,
1127 1719 1331 1802 impenderet.

410 1819 438 1887 2.
465 1843 492 1884 a.
539 1819 572 1885 Sr
599 1845 706 1887 suevus
729 1840 848 1888 rnavnu
870 1845 956 1888 ruma
979 1847 1123 1888 vonrsuvs
1148 1824 1271 1908 uo[x]1r.
1303 1861 1347 1870 -
1370 1825 1400 1889 b.
1427 1824 1501 1891 Get.

325 1926 496 2011 (4,75.7e):
521 1927 571 1990 Ex
586 1929 751 1993 maleficiis
764 1929 906 1993 filiorum
923 1928 1062 1993 familias
1079 1950 1304 2014 servorumque
1320 1967 1362 1976 -
1375 1929 1505 1994 noxales

325 2031 463 2096 actiones
486 2033 630 2116 proditae
658 2039 745 2110 sunt,
769 2035 817 2098 uti
840 2034 950 2098 liceret
973 2034 1058 2117 patri
1074 2035 1241 2100 dominove
1257 2039 1313 2100 ant
1327 2035 1393 2099 litis
1408 2037 1503 2100 aesti-

325 2136 496 2200 mationem
519 2137 650 2202 snfferre
681 2144 736 2202 aut
752 2160 855 2202 noxae
871 2139 982 2210 dedere
997 2137 1050 2202 ὲ.
1085 2135 1285 2204 Constitutus
1300 2149 1375 2204 sunt
1390 2178 1431 2186 -
1448 2145 1507 2204 aut
1558 2130 1563 2140 ’

325 2245 532 2253 ..ψ-Ἥ

323 2281 372 2326 iam
391 2283 506 2342 peractis3
532 2283 619 2329 deinde
638 2286 746 2345 reliquos
765 2284 890 2330 Februarii
911 2286 999 2330 mensis
1019 2285 1078 2342 dies,
1103 2287 1144 2346 qui
1163 2291 1233 2331 erant
1253 2286 1281 2341 V,
1300 2290 1355 2346 post
1373 2287 1503 2332 intercala-

324 2369 414 2415 tionem
440 2370 630 2430 subiungebunt.
671 2363 745 2418 Ceus.
771 2363 807 2429 (d.
827 2364 853 2418 d.
872 2370 928 2418 reat.
948 2366 1039 2431 20‚6):
1066 2386 1120 2417 eum
1144 2373 1324 2418 intercalarium
1346 2386 1452 2418 mensem
1471 2373 1502 2418 ta

324 2460 349 2502 et
369 2457 400 2502 23
429 2457 521 2503 dierum
547 2458 646 2504 alteruis
674 2461 743 2504 annis
769 2460 825 2504 addi
849 2460 988 2520 placuisset.
1007 2481 1042 2490 -
1062 2460 1085 2504 in
1105 2473 1185 2504 meuse
1204 2461 1354 2520 potissimum
1373 2460 1505 2506 Februario

323 2546 387 2590 inter
404 2545 552 2592 Terminalia
579 2550 604 2591 et
622 2547 777 2604 Regifugium
802 2548 974 2592 intercalatum
994 2553 1039 2591 est.
1081 2537 1170 2592 Celsus
1188 2539 1241 2607 dep.
1262 2538 1311 2604 (D.
1331 2527 1504 2606 50,16‚98,1):

325 2631 385 2678 Oeta
409 2637 492 2692 putat,
518 2647 623 2679 mensem
652 2635 823 2680 intercalarem
848 2635 988 2680 addititiam
1008 2648 1075 2692 esse;
1104 2647 1233 2694 omnesque
1253 2636 1304 2680 eius
1323 2635 1374 2680 dies
1394 2649 1436 2696 pro
1455 2649 1505 2680 mo-

325 2723 405 2764 mento
429 2722 542 2781 temporis
570 2721 686 2768 observat
714 2727 870 2784 extremoque
898 2722 945 2766 diei
965 2723 1054 2766 mensis
1073 2721 1198 2766 Februarii
1224 2721 1335 2766 attribuit
1354 2720 1381 2774 Q.
1401 2722 1503 2767 Mucius.
1597 2728 1600 2733 “

327 2799 367 2867 Cf.
387 2799 444 2854 Mo.
465 2799 720 2856 Obroaol.18-40.
758 2802 813 2854 Ha.
832 2807 897 2854 ro'm.
919 2801 996 2855 arud.
1016 2804 1151 2864 ras-60.

394 2897 417 2942 3.
454 2888 501 2942 Eu
518 2889 567 2942 hoe
579 2889 712 2944 Ciceronis
731 2891 787 2942 loco
800 2889 885 2957 effecit
899 2888 955 2942 Mo.
970 2889 1080 2954 (Gbrou.
1092 2892 1202 2954 31‚210;
1223 2887 1252 2942 0.
1264 2889 1287 2942 1.
1300 2888 1333 2941 L.
1345 2892 1421 2951 1361)
1434 2891 1505 2957 repis

327 2975 433 3028 Numae
451 2977 571 3030 tabularu
584 2978 729 3044 fastorum,
749 2994 781 3030 err
795 2977 977 3044 penetralibus
993 2977 1151 3044 pontificum
1166 2977 1303 3043 prolatura
1323 2976 1391 3028 XII
1405 2977 1492 3030 tubul'

223 3123 225 3128 ¹
325 3065 452 3118 rosatum
469 3081 529 3119 esse.
555 3065 640 3133 Quam
652 3066 809 3119 senteutiam
821 3071 926 3117 aeratus
939 3063 999 3117 Salv.
1013 3067 1129 3131 (63.156)
1142 3080 1197 3116 aaa
1210 3064 1341 3118 dubitauit
1352 3067 1504 3118 uniuersum

325 3151 379 3204 tub.
399 3150 447 3204 X1
468 3151 553 3218 fustra
570 3153 687 3220 explere,
716 3159 797 3220 prout
822 3169 854 3204 aa
873 3152 990 3205 Iulianis
1014 3153 1121 3206 restitui
1134 3158 1256 3220 possunt.
1293 3153 1329 3205 lu
1346 3153 1417 3222 quod
1434 3155 1505 3206 iusto

311 3223 456 3292 'audacias
478 3240 575 3307 ferreae
600 3239 668 3294 milri
684 3240 801 3306 uidetur,
829 3256 888 3292 auur
901 3240 991 3308 suetos
1010 3257 1063 3308 pau
1082 3241 1187 3293 ratione
1206 3239 1290 3293 Xor'rr'
1302 3242 1505 3308 perscripserim

326 3332 397 3380 certa
415 3329 520 3382 ratione
538 3329 666 3381 constitui
682 3344 737 3381 aaa
754 3329 845 3396 possit.
885 3327 926 3396 Of.
947 3329 1003 3382 Hu.
1026 3329 1102 3382 Stoa.
1122 3332 1180 3382 279.
1219 3329 1403 3382 Nr'lu'lomr'uua
1415 3329 1506 3396 fastos

328 3415 451 3469 Iulianos
472 3415 541 3468 XII
555 3417 654 3470 tubulis
672 3417 789 3470 subicere
802 3418 916 3485 placuit.
938 3449 964 3456 -
996 3417 1037 3485 Of.
1060 3417 1112 3470 Cia.
1140 3421 1178 3485 (p.
1198 3417 1393 3482 Mur.11,25):
1420 3424 1504 3468 Posset

327 3511 369 3567 agi
388 3512 442 3567 lege
461 3525 542 3568 neone,
563 3513 635 3571 pauci
653 3515 774 3573 qnondam
793 3514 914 3570 sotebant;
936 3515 1011 3558 iustos
1031 3515 1094 3558 enim
1113 3515 1185 3570 vulgo
1203 3527 1249 3558 nou
1263 3512 1397 3556 habebant.
1428 3512 1504 3556 lirant

325 3598 350 3642 in
370 3611 459 3654 magna
478 3600 587 3657 potantia
605 3601 646 3659 qui
665 3602 867 3654 consulebantur,
897 3616 911 3645 a
931 3601 1017 3661 quibus
1037 3601 1111 3644 etiam
1130 3600 1180 3644 dics
1200 3603 1322 3659 tamquam
1342 3613 1356 3643 a
1376 3597 1505 3642 Chaldaeis

326 3684 480 3746 petebantur.
508 3685 623 3731 Inventus
643 3692 681 3731 est
700 3688 779 3733 scriba
797 3689 902 3747 quidam,
922 3688 963 3733 Cu.
977 3687 1083 3740 Flavius,
1102 3687 1143 3747 qui
1155 3687 1274 3730 cornicum
1287 3687 1368 3730 oculos
1380 3686 1505 3730 confixerit

327 3778 352 3818 et
377 3773 477 3830 singulis
506 3773 589 3818 diebus
615 3775 749 3820 ediscendis
774 3774 850 3819 fastos
876 3776 965 3833 populo
989 3773 1146 3834 proposuerit.
1184 3764 1255 3818 Plt'rr.
1277 3769 1313 3832 (n.
1333 3766 1357 3818 t.
1377 3769 1505 3832 33,1‚17).·

327 3861 372 3907 Hic
389 3859 441 3912 (Cu.
460 3853 570 3922 Flavius)
601 3861 731 3921 publicatis
759 3862 846 3906 diebus
863 3863 934 3906 fastis
958 3875 1017 3921 quoa
1041 3863 1142 3921 populus
1162 3875 1176 3905 a
1194 3861 1277 3920 pausis
1296 3861 1428 3923 principum
1448 3875 1506 3922 qno·

327 3950 387 3995 tidie
408 3949 508 4010 petebat
528 3949 573 3995 cel.
611 3942 673 3996 Ia'v.
695 3945 820 4009 (9,46,5):
848 3950 892 3994 On.
915 3949 1012 3993 Flavius
1031 3971 1066 3980 ·—
1085 3949 1154 3994 civile
1172 3949 1217 4004 ius,
1241 3949 1370 4008 repositum
1390 3950 1414 3992 in
1432 3961 1505 4008 pene·

327 4037 429 4082 tralibns
449 4037 595 4096 pontificum,
616 4039 741 4096 evulgavit
759 4038 883 4096 fastosque
902 4037 967 4081 cirea
986 4036 1063 4080 iorum
1085 4036 1109 4079 in
1132 4035 1190 4080 albo
1212 4035 1343 4095 proposuit,
1360 4039 1395 4089 ut,
1408 4033 1504 4094 quando

327 4126 381 4182 lege
401 4125 441 4182 agi
460 4129 549 4184 posset,
571 4127 680 4171 sciretur.
717 4117 805 4170 Maur.
826 4119 887 4184 (eat.
909 4118 993 4182 1‚15):
1019 4124 1105 4168 Priscis
1125 4137 1181 4181 ergo
1200 4122 1354 4182 temporibus,
1374 4126 1505 4180 antequam

327 4213 387 4257 lasti
412 4226 427 4256 a
451 4212 493 4256 (ln.
516 4212 599 4258 Flavio
627 4213 707 4258 scriba
734 4213 816 4257 invitis
840 4211 951 4272 patribus
980 4212 1004 4256 in
1024 4211 1128 4256 omnium
1153 4211 1264 4256 notitiam
1283 4210 1440 4268 proderentur
1458 4204 1504 4252 cet.

333 4291 390 4346 Vol.
409 4291 485 4346 Mum.
504 4296 582 4359 2‚5‚2.
614 4292 698 4347 Diod.
716 4295 805 4360 20‚36.

396 4387 454 4433 xrr.
476 4390 498 4434 1.
536 4380 577 4449 of.
598 4380 671 4434 Far.
690 4389 764 4449 nepe.
801 4380 839 4433 D.
858 4382 1031 4446 appareas.

400 4475 422 4518 2.
456 4466 516 4536 [ΗΡ.
527 4468 563 4522 ad
572 4467 612 4523 ed.
623 4467 672 4532 (D.
684 4470 804 4534 9,4,2,1):
823 4475 905 4520 Celsus
916 4495 948 4505 -
961 4473 1122 4520 differentiam
1141 4473 1199 4518 iacit
1217 4472 1281 4515 iuter
1292 4471 1371 4528 legem
1383 4469 1505 4529 Aquiliam
