3382 5248
295 377 356 440 118
657 372 712 427 Lex
732 373 804 427 lulio
823 375 852 426 et
872 371 960 443 Papia
978 329 1117 442 Poppaea.

359 594 410 656 23.
445 593 528 657 Lex
552 593 667 658 Iulia
691 617 718 658 a.
745 593 807 658 736
838 599 876 658 et
899 593 1033 678 Papia
1056 593 1255 678 Poppaea
1279 618 1306 658 a.
1333 595 1404 660 762.

366 731 473 784 Horam
501 733 585 800 lapara
610 737 718 784 duotore
736 733 859 800 Aupusto
881 731 981 798 populo
998 731 1146 783 retur-toute
1159 733 1327 799 perlatorum
1346 735 1379 798 (o.
1401 731 1478 784 Reid..

298 818 359 872 Re.
378 823 447 887 1,54)
476 821 554 873 verto
580 821 695 888 lepitana
715 825 928 886 permutantem
948 819 1025 872 nodis
1042 825 1147 871 eerouto
1165 825 1236 873 suut.
1273 813 1352 886 Ipsos
1370 835 1473 886 rompo-

294 921 357 959 oere
376 913 400 960 et
417 909 555 960 restituere
574 913 783 975 temptauerunt:
802 905 858 959 Iao.
873 905 1063 974 Gothosredm,
1082 905 1172 972 sortes
1184 905 1232 958 IV
1246 907 1296 958 ior.
1318 907 1365 958 cio.
1384 907 1472 972 (1653)

289 1011 318 1062 p.
337 997 487 1049 264-350.
525 997 693 1061 Heiueeeiua,
712 995 749 1048 ud
766 994 886 1063 lopolul.
906 1001 930 1047 et
949 994 979 1046 P.
993 994 1024 1046 P.
1044 996 1146 1057 (1726).
1166 993 1216 1045 deu
1237 992 1298 1053 Teo,
1313 992 1405 1059 fortes
1423 992 1476 1044 111

293 1083 345 1134 iar.
365 1084 414 1135 mo.
435 1084 528 1149 (1840)
552 1087 712 1150 1231-40.
750 1082 902 1145 Demeter,
929 1083 1017 1149 lupum
1036 1099 1104 1150 quoe
1122 1082 1159 1134 od
1175 1083 1219 1134 ius
1237 1082 1284 1134 αὐ.
1303 1087 1381 1148 apert.
1396 1081 1474 1149 frop·

294 1176 382 1224 meato
407 1174 497 1236 (1857)
523 1189 551 1238 p.
570 1174 681 1224 45-58.
719 1171 834 1224 Numeri
861 1186 925 1238 quos
950 1171 1063 1238 m'uprtr'a
1088 1169 1220 1236 capitibus
1238 1169 1387 1234 praeposui
1411 1175 1475 1222 arent

295 1257 419 1310 editionis
440 1259 634 1312 Heiaeeet'uuue

375 1379 413 1454 (Ι)
436 1383 563 1454 (Paul-us
585 1385 602 1442 t.
615 1385 639 1442 I
654 1385 694 1441 ud
709 1387 727 1443 t.
740 1385 853 1442 Iulium
868 1389 895 1442 et
906 1385 1064 1456 Papiam:
1085 1381 1164 1456 Lege
1179 1380 1257 1438 lulio
1269 1381 1312 1438 ita
1326 1381 1473 1456 emotum)

384 1477 444 1552 Qui
469 1485 677 1556 senatorem,
711 1481 805 1565 quive
827 1481 924 1559 filiue
957 1502 1093 1565 neposve
1117 1503 1154 1543 ex
1178 1479 1254 1555 filio,
1280 1501 1479 1563 proneposve

298 1604 336 1646 ex
363 1583 501 1666 [nepote]
525 1583 592 1648 filio
616 1590 692 1649 nato
716 1587 804 1650 ouius
827 1608 936 1650 eorum
953 1590 1001 1650 est
1016 1587 1086 1664 erit,
1110 1608 1150 1650 ne
1167 1587 1238 1670 quis
1254 1607 1363 1649 eorum
1379 1605 1475 1668 spon·

296 1709 364 1770 sam
396 1709 566 1754 uxoremve
598 1690 703 1754 sciensv
730 1691 802 1755 dolo
833 1690 917 1754 malo
948 1691 1066 1754 habeto
1089 1690 1283 1762 libertinam,
1316 1694 1372 1754 aut
1395 1712 1479 1766 eam*

297 1813 378 1875 quae
408 1791 478 1875 ipsa
509 1794 636 1860 cuiusve
660 1800 752 1879 pater
774 1799 915 1860 materve
939 1801 1040 1860 artem
1064 1795 1219 1859 ludicram
1244 1793 1322 1858 facit
1345 1794 1478 1869 feeerit;

297 1919 376 1960 neve
400 1899 555 1961 senatoris
580 1899 656 1976 filia,
681 1902 825 1984 neptisve
849 1924 887 1965 ex
906 1902 982 1978 filio,
1006 1901 1210 1984 proneptisve
1226 1923 1263 1964 ex
1280 1903 1394 1983 nepote
1409 1899 1479 1964 filio

299 2005 376 2065 nato
400 2001 492 2065 nata⁸
516 2002 666 2068 libertino
690 2006 766 2083 eive,
791 2007 845 2090 qui
869 2007 936 2090 ipse
959 2007 1087 2070 cuiusve
1110 2009 1201 2090 pater
1219 2010 1477 2090 matarveartem

297 2089 561 2172 ludicram-facit
595 2109 723 2185 fecerit,
756 2132 871 2193 sponsa
901 2115 1040 2194 nuptave
1072 2110 1173 2174 sciens
1196 2109 1268 2174 dolo
1292 2109 1375 2174 malo
1399 2114 1479 2186 esto,

298 2234 376 2276 neve
392 2213 463 2296 quis
480 2237 587 2278 eorum
605 2215 676 2279 dolo
693 2215 777 2278 malo
794 2217 895 2280 sciens
911 2238 1059 2300 sponsam
1077 2236 1247 2278 uxoremve
1263 2237 1330 2278 eam
1348 2213 1476 2278 habeto,

378 2315 444 2394 (Vl)
466 2318 593 2392 (Paulos
615 2321 632 2379 t.
655 2319 698 2377 ΙΙ
713 2321 752 2378 od
774 2322 792 2378 t.
815 2321 927 2378 Iulium
948 2325 976 2378 et
996 2321 1166 2395 Pupium.)

386 2417 447 2490 Qui
471 2416 637 2480 libertinos
661 2418 739 2480 dtros
764 2418 910 2500 pluresve
941 2440 958 2480 a
982 2440 1014 2480 se
1037 2415 1181 2501 genitos⁴
1210 2419 1341 2480 nataeve
1364 2415 1395 2478 in
1420 2437 1477 2478 sua

298 2523 454 2602 potestate
478 2520 619 2600 habebit,
644 2525 770 2604 praeter
786 2545 866 2598 eum,
892 2523 947 2605 qui
964 2527 1064 2586 artem
1081 2521 1235 2585 ludicram
1254 2519 1365 2584 feeerit
1382 2519 1476 2603 quire

299 2645 410 2707 operas
435 2646 517 2700 suaa,
542 2628 578 2687 ut
601 2647 671 2689 oum
697 2619 807 2689 bestiis
832 2630 1000 2710 pugnaret,
1024 2626 1195 2690 locaverit:
1220 2647 1259 2689 ne
1282 2625 1353 2708 quis
1369 2647 1479 2688 eorum

300 2749 411 2809 operas
435 2729 509 2791 doni
533 2730 672 2810 muneris
697 2729 839 2793 aliudve⁶
864 2731 1034 2814 quiequam
1059 2730 1218 2795 libertatis
1235 2752 1329 2794 eausa
1343 2735 1481 2812 patrono

300 2831 453 2914 patronae
468 2831 617 2897 liberisve
633 2855 752 2912 eorum,
778 2835 816 2898 de
832 2835 947 2918 quibus
963 2835 1117 2900 iuraverit
1132 2835 1182 2899 vel
1199 2834 1380 2918 promiserit
1396 2834 1477 2898 obli-

301 2941 435 3021 gatusve
459 2939 529 3016 erit,
554 2939 628 3002 dare
652 2940 755 3003 faeere
779 2945 940 3024 praestare
963 2941 1085 3006 debeto.

380 3039 476 3120 (XIII)
498 3042 664 3116 (Ulpianus
686 3046 702 3102 l.
719 3045 781 3102 ΙΙΙ
796 3046 835 3102 od
858 3047 875 3102 l.
889 3046 999 3103 latiora
1021 3043 1216 3118 erPapunr:
1237 3041 1319 3111 Quod
1342 3043 1383 3100 ait
1403 3042 1480 3118 lem)

390 3137 529 3204 Divortii
553 3140 689 3204 faciendi
714 3147 854 3225 potestas
876 3127 1018 3220 libertae,
1044 3163 1124 3226 quae
1147 3145 1246 3224 nupta
1270 3130 1318 3204 est
1333 3145 1477 3222 patrono,

300 3268 339 3309 ne
362 3250 439 3323 esto,
464 3245 613 3328 quamdiu
639 3251 791 3328 patronus
815 3269 883 3310 eam
907 3269 1036 3310 uxorem
1059 3269 1125 3310 esse
1141 3247 1227 3310 volet
1251 3246 1404 3328 ‚lueret
1429 3246 1481 3308 in·

301 3351 367 3414 vito
393 3347 544 3434 patron0⁷
569 3348 641 3433 [alii
664 3351 782 3415 nubere
807 3356 945 3434 potestas
970 3350 1064 3435 esto]

381 3454 486 3528 (XXXl
496 3453 530 3532 V)
555 3454 639 3529 (Ulp.
652 3457 669 3512 l.
686 3455 797 3527 VIIod
809 3458 828 3514 t.
840 3457 952 3514 Iulium
963 3460 990 3514 et
1000 3455 1155 3528 Popioud:
1178 3453 1207 3512 Si
1224 3473 1290 3512 vero
1303 3489 1339 3496 —
1353 3455 1481 3513 moritus

302 3549 428 3608 dotalem
452 3570 567 3615 servum
592 3549 744 3610 voluntate
766 3552 829 3608 eius
852 3550 1008 3626 (mulieris)
1033 3550 1245 3620 manumiserit,
1269 3585 1306 3592 -
1322 3550 1365 3608 ait
1386 3551 1458 3629 lex2)

390 3649 549 3730 ...quod
574 3649 612 3710 ad
637 3669 707 3710 eum
731 3651 885 3730 pervenit,
910 3652 941 3710 et
964 3649 990 3710 si
1014 3648 1086 3712 dolo
1112 3648 1195 3712 malo
1219 3649 1338 3732 aliquid
1355 3647 1479 3712 fautum

303 3755 359 3826 eat,
385 3752 555 3834 quominus
579 3753 616 3814 ad
642 3774 713 3815 eum
735 3753 909 3833 perveniat,
935 3757 1106 3834 ..quanta
1123 3753 1255 3838 pecunia
1271 3754 1340 3830 erit,
1357 3757 1480 3817 tantam

302 3857 467 3938 pecuniam
491 3857 591 3920 dato⁰.
1417 3869 1418 3872 ’

374 4013 399 4078 1)
419 4012 456 4064 D.
470 4016 585 4078 raam,
604 4029 643 4078 pr.
668 4041 692 4050 -
717 4013 742 4076 t)
762 4012 823 4064 Det.
837 4012 893 4064 Mo.
913 4043 948 4052 —
968 4013 995 4080 3)
1010 4011 1045 4064 D.
1060 4015 1171 4080 38,1,37,
1182 4033 1223 4081 pr.
1241 4047 1270 4054 —
1286 4017 1313 4082 4)
1327 4015 1382 4067 Μο.
1398 4016 1481 4068 cont:

303 4116 335 4152 ex
354 4116 382 4151 se
401 4100 532 4168 (g)natoa
561 4129 593 4138 —
623 4100 649 4166 5)
670 4097 784 4154 aliudve
809 4099 875 4154 doni
899 4099 1022 4154 muneris
1041 4101 1108 4154 coni.
1129 4101 1184 4154 Mo.
1213 4133 1246 4140 —
1274 4102 1301 4171 6)
1321 4101 1482 4167 Ditem

299 4204 342 4255 pr.
356 4192 384 4240 ’1.
413 4219 446 4226 -
476 4189 502 4253 7)
528 4187 603 4239 Haeo
627 4187 706 4240 uerbo
733 4204 765 4240 oco
788 4188 875 4240 eodem
900 4187 959 4254 lllp.
979 4188 1048 4244 libro
1065 4191 1221 4254 reseruntur
1239 4192 1268 4241 iu
1290 4187 1322 4239 D.
1342 4192 1483 4255 23,a‚45,5,

299 4276 454 4343 praenimis
473 4275 570 4326 vertis:
603 4273 706 4331 Deinde
727 4275 768 4327 ait
786 4274 842 4338 lex,
870 4291 937 4342 quoe
955 4275 1125 4342 replicantur
1140 4277 1276 4343 principio
1295 4278 1350 4328 otus
1370 4277 1428 4328 loor'.
1447 4305 1481 4314 —-

303 4361 330 4432 8)
351 4363 388 4416 D.
407 4366 526 4429 24,3‚64‚
554 4381 596 4429 pr.
616 4365 708 4417 6.7.10.
734 4392 769 4401 -
797 4363 823 4432 9)
845 4363 988 4430 Perpernae
1008 4363 1119 4416 editores
1146 4365 1175 4416 r'u
1194 4363 1302 4416 exordio
1321 4365 1374 4416 citt.
1395 4379 1485 4416 omues

303 4452 373 4504 huuc
392 4453 477 4504 lomim
496 4467 551 4502 rou
571 4451 601 4502 de
618 4467 692 4504 aueo
711 4453 882 4513 proprendere,
901 4450 948 4505 aed
965 4452 996 4503 de
1014 4451 1140 4504 uniuerso
1158 4451 1217 4503 dote
1234 4451 1428 4504 a'ntelteueraurt.
