3358 5244
745 395 851 450 Festus.
1227 344 1233 376 i
1373 399 1393 461 5

2 579 3 594 ¹
111 589 135 632 .’
214 573 490 639 Centenariaa
512 597 607 639 cenae
629 573 818 638 dicebantur
840 573 875 636 in
898 596 977 657 quas
1000 573 1072 655 lega
1095 571 1218 636 Licinia
1241 595 1304 637 non
1321 575 1393 658 plus

213 677 367 742 centussi¹
391 683 519 762 praeter
541 683 627 742 terra
650 675 761 741 enata²
785 677 1047 761 inpendebatur³‚
1071 677 1101 742 id
1126 683 1176 742 est
1191 683 1317 742 centum
1342 702 1393 744 as·

213 782 301 846 sibus
324 785 379 868 qui
403 787 495 848 crant
518 784 629 847 breves
652 782 776 846 nummi
799 803 837 846 ex
860 803 942 846 aere.
989 782 1027 858 P.
1051 785 1103 846 54.

214 887 556 952 Oentnmviralia
577 887 695 952 iudicia
719 910 737 950 a
760 888 967 952 centumviris
992 891 1068 951 sunt
1091 887 1185 952 dicta.
1220 887 1304 952 Nam
1322 911 1393 954 cum

215 995 320 1056 essent
345 991 464 1056 Romae
495 993 632 1078 triginta
660 996 692 1056 et
715 991 857 1076 quinque
881 991 999 1069 tribus,
1030 1013 1112 1075 quae
1134 996 1167 1055 et
1190 993 1296 1056 curiae
1318 999 1395 1058 sunt

215 1097 327 1175 dictae,
351 1097 435 1161 terni
458 1119 497 1160 ex
520 1097 657 1180 singulis
679 1097 828 1162 tribubus
852 1101 928 1161 sunt
948 1097 1038 1161 electi
1054 1097 1094 1160 ad
1110 1097 1322 1177 iudicandum,
1338 1100 1394 1183 qui

216 1201 408 1268 centumviri
431 1202 583 1286 appellati
608 1207 698 1279 sunt;
724 1207 756 1267 et
779 1202 854 1266 licet
878 1201 1019 1285 quinque
1042 1202 1179 1286 amplius
1203 1225 1298 1286 quam
1322 1225 1394 1267 cen-

215 1313 283 1372 tum
307 1307 438 1386 fuerint,
464 1313 582 1386 tamen,
608 1331 670 1392 quo
695 1307 821 1373 facilius
839 1307 1091 1384 nominarentur,
1113 1307 1305 1372 centumviri
1320 1313 1395 1372 sunt

215 1413 299 1479 dicti.
348 1412 386 1476 P.
411 1415 463 1476 54.

217 1518 427 1586 Centuria
457 1519 489 1582 in
524 1519 611 1603 agris
644 1517 806 1604 significat
830 1518 967 1580 ducenta
989 1517 1115 1603 iugera,
1148 1518 1181 1580 in
1205 1539 1239 1581 re
1262 1517 1395 1582 militari

217 1628 343 1687 centum
378 1623 530 1688 homines.
578 1625 617 1688 P.
642 1625 693 1687 53.
722 1657 763 1670 -
799 1621 1052 1688 Centuriata
1081 1621 1211 1684 comitia
1240 1622 1317 1686 item
1341 1645 1393 1686 cu·

217 1729 300 1792 rista
329 1729 458 1793 comitia
486 1729 689 1806 dicebantur,
724 1727 799 1812 quia
822 1727 958 1810 populus
981 1724 1145 1790 Romanus
1169 1748 1225 1810 per
1247 1730 1395 1792 centenas

215 1839 338 1898 turmas
371 1833 491 1898 divisus
522 1838 600 1897 erat.
648 1832 686 1896 P.
710 1836 762 1896 54.
787 1868 826 1878 -
853 1831 1134 1897 Centuriatus
1157 1852 1250 1916 ager
1278 1832 1312 1895 in
1336 1833 1394 1896 dn-

216 1939 308 2004 cena⁴
338 1939 450 2022 iugera
473 1938 636 2014 definitus,
671 1939 747 2021 quia
769 1936 926 2000 Romulus
950 1937 1091 2000 centenis
1113 1937 1235 2000 civibus
1259 1936 1395 2000 ducena⁴

214 2045 327 2128 iugera
349 2042 474 2107 tribuit.
521 2043 559 2106 P.
584 2047 636 2106 53.

216 2147 397 2212 Classici
429 2151 527 2211 testes
555 2147 741 2212 dicebantur
771 2148 827 2231 qui
852 2147 1016 2231 signandis
1039 2147 1239 2211 testamentis
1263 2147 1395 2212 adhibe·

214 2253 342 2316 bantur.
390 2253 428 2318 P.
453 2255 504 2319 56.

217 2357 430 2442 Cognitor
452 2362 515 2434 est,
544 2357 599 2442 qui
622 2358 713 2422 litem
737 2359 870 2423 alterius
893 2359 1026 2443 suscipit
1048 2381 1154 2424 coram
1179 2361 1219 2423 ab
1242 2382 1295 2437 e0‚
1328 2361 1395 2423 cui⁶

216 2465 309 2528 datus
333 2467 394 2538 est3
419 2467 607 2546 procurator
629 2468 737 2528 autem
761 2464 903 2528 absentis
925 2464 1053 2528 nomine
1075 2468 1164 2528 actor
1185 2464 1232 2527 fit.
1280 2464 1318 2528 P.
1342 2469 1394 2529 57.

216 2566 472 2633 Comitiales
496 2568 562 2632 dies
587 2567 810 2652 appellabant,
844 2568 972 2634 cumin
997 2569 1126 2633 comitio
1151 2569 1394 2650 conveniebant3

217 2673 272 2758 qui
295 2674 382 2737 locus
405 2695 424 2736 a
446 2674 597 2751 coeundo,
621 2675 653 2756 ip
677 2677 726 2738 est
741 2673 870 2738 insimul
888 2673 1052 2751 venienda,
1076 2678 1125 2738 est
1140 2674 1251 2738 dictus.
1287 2674 1325 2737 P.
1342 2678 1394 2738 36.

216 2779 506 2862 Compascuus
541 2801 618 2864 ager
650 2779 781 2844 relictus
806 2779 845 2842 ad
869 2779 1060 2862 pascendum
1084 2778 1295 2844 communiter
1319 2779 1396 2842 vici·

178 2905 181 2912 ·
216 2885 276 2948 nis.
324 2885 361 2948 P.
386 2889 438 2949 40.

218 2988 500 3071 Conrpraedes
522 2989 660 3056 eiusdem
684 2991 729 3053 rei
754 2989 871 3073 populo
896 2989 1090 3072 sponsores⁶.
1139 2989 1177 3052 P.
1201 2992 1253 3052 39.

218 3092 551 3158 Conciliabulum
576 3093 673 3170 locus,
696 3093 752 3156 ubi
774 3092 825 3156 in⁷
849 3093 1019 3157 concilium
1042 3092 1240 3157 convenitur.
1284 3093 1319 3155 P.
1341 3097 1395 3157 38.

218 3195 446 3262 Concilium
479 3197 597 3262 dicitur
626 3189 777 3281 apopuli
802 3218 969 3261 consensu:
998 3198 1065 3260 sive
1087 3197 1257 3261 concilium
1280 3197 1397 3260 dicitur

219 3326 238 3366 a
260 3300 484 3380 consaland0⁸,
507 3302 540 3364 id
562 3307 610 3365 est
632 3302 783 3368 vocando.
831 3302 869 3364 P.
894 3305 946 3365 38.

219 3406 452 3470 Condicere
476 3410 524 3469 est
547 3405 679 3470 dicendo
703 3406 899 3470 denuntiare.
948 3406 985 3469 P.
1012 3412 1061 3470 64.

218 3509 465 3576 Gondiotiol
488 3512 521 3574 in
546 3511 626 3574 diem
645 3516 765 3574 certum
784 3511 850 3575 eius
868 3510 922 3588 rei,
947 3533 1027 3594 quae
1044 3509 1163 3594 agitur,
1187 3509 1396 3574 denuntiatio.

219 3618 257 3682 P.
284 3622 334 3682 66.

219 3723 475 3786 Condictum
500 3728 558 3799 est,
582 3724 666 3806 quod
689 3724 722 3787 in
746 3721 947 3787 commune¹⁰
971 3727 1019 3786 est
1042 3722 1172 3786 dictum.
1219 3722 1257 3786 P.
1282 3725 1334 3784 39.

219 3825 474 3910 Conscripti
503 3827 704 3903 dicebantur,
737 3827 791 3910 qui
815 3847 853 3890 ex
876 3826 1016 3909 equestri
1040 3826 1149 3890 ordine
1172 3826 1318 3910 patribus
1341 3823 1396 3886 ad-

219 3933 478 4012 scribebantur¹¹‚
503 3937 540 3998 ut
560 3955 710 3997 numerus
734 3936 915 3996 senatorum
940 3931 1128 4014 expleretur.
1176 3931 1212 3994 P.
1236 3935 1286 3994 41.

310 4124 336 4190 l)
355 4125 477 4178 cantuari
496 4123 546 4182 6¹.
570 4121 745 4176 centussibus
765 4120 878 4175 G’MT.
903 4149 937 4159 -
960 4119 986 4186 2)
1006 4122 1099 4174 terrae
1119 4122 1189 4174 nata
1208 4119 1341 4189 (natabus
1361 4118 1396 4187 G)

219 4213 290 4266 libri.
318 4239 354 4250 ·-
379 4211 407 4281 3)
425 4211 665 4280 impendebantur
684 4210 717 4264 G.
746 4239 775 4250 —
801 4209 830 4278 4)
849 4209 971 4264 ducenta
991 4208 1030 4261 M.
1051 4239 1083 4248 -
1109 4212 1137 4274 5)
1157 4209 1193 4262 ab
1211 4225 1243 4263 eo
1262 4210 1305 4262 cui
1325 4207 1396 4275 libri,

219 4317 251 4355 eo
269 4299 314 4353 cui
332 4301 403 4370 vulp.
435 4300 587 4370 [mazimeo
606 4314 704 4367 aquo.
741 4297 791 4354 ΤΗ,
812 4297 860 4366 Μ]
885 4327 912 4336 -
946 4295 973 4366 6)
992 4313 1123 4365 sponsore
1142 4295 1181 4348 M.
1203 4323 1234 4334 -
1256 4297 1281 4354 7)
1299 4294 1328 4348 in
1348 4310 1398 4350 ont.

223 4387 293 4441 libri.
320 4415 356 4426 -
383 4387 411 4458 8)
429 4385 599 4442 concalendo
621 4385 649 4448 T,
675 4383 900 4440 conconcalando
919 4384 958 4436 M.
979 4413 1014 4422 —
1033 4370 1205 4451 9loondioio
1224 4383 1257 4450 G,
1276 4381 1399 4437 conditio

223 4473 262 4528 M.
281 4503 316 4514 -
336 4476 379 4540 10)
397 4474 538 4531 communi
557 4473 626 4526 libri.
649 4503 675 4512 -
701 4473 744 4540 11)
765 4471 961 4525 adscribantur
981 4470 1020 4524 M.
