3386 5240
300 425 341 490 18
705 419 792 490 Leges
810 419 1054 474 XlLtabularnm.

297 623 452 666 Anvlrlsvn
481 621 583 665 VlTlUll
611 620 706 678 ascia,
744 619 894 662 IUMENTUM
927 619 1009 662 ntro.
1068 595 1101 661 Sl
1131 619 1237 676 nonar,
1270 620 1402 662 ARGERAM
1443 620 1478 662 Nl]

300 727 447 770 srnnnrro.

387 811 415 874 4.
460 830 576 873 lssrnuo
609 829 712 872 vrnoux
728 797 877 869 'rssrnuus
906 827 991 882 nsr03
1030 828 1204 871 rnonurlero
1235 829 1287 872 rau
1316 831 1373 872 orvr
1415 830 1480 881 curs

299 939 389 982 vounr
411 935 517 979 vireux
543 935 621 976 asro.

388 1022 418 1084 5.
463 1017 532 1084 Nux
559 1066 617 1082 ...
638 1038 722 1080 roem
744 1037 846 1079 sinim
870 1065 876 1078 .
896 1067 929 1081 ..

388 1128 418 1189 e.
465 1122 602 1187 Renum
625 1141 743 1195 pronun,
768 1141 868 1183 cerro.
915 1120 943 1185 7.
969 1118 1425 1199 Nrrlounr,rnoou1rrorer
1451 1146 1481 1188 ΙΝ
1517 1127 1523 1148 ¹

299 1254 371 1296 nono
391 1251 464 1294 turn
487 1249 627 1292 neeromu
653 1238 779 1290 causele
805 1245 961 1289 coromnro.
1008 1225 1072 1290 Ocu
1093 1248 1259 1290 renonnero
1286 1249 1360 1291 luno
1388 1251 1477 1294 rnna·
1521 1228 1523 1237 '

300 1357 413 1400 saurus.
458 1332 488 1398 8.
523 1331 599 1396 Posr
624 1351 764 1394 unernmu
791 1343 944 1393 reinerum
971 1352 1059 1394 erran
1084 1351 1226 1394 nnnrerro.
1274 1333 1304 1395 9.
1340 1330 1376 1396 Sl
1400 1356 1475 1398 nnec
1517 1311 1521 1361 ³

299 1461 485 1516 renuerimus,
512 1460 589 1502 some
613 1457 732 1500 occisos
755 1455 885 1497 suranna
909 1457 1070 1498 rnurrsrrs
1091 1457 1169 1500 asro.

301 1572 512 1583 -.-—-——-

300 1623 364 1684 quod
382 1623 430 1666 sint
448 1619 556 1665 omnibue
574 1616 712 1664 frustratui.
730 1635 764 1646 -
783 1614 903 1660 Lucilius:
930 1611 958 1660 ‘ei
977 1627 1024 1660 non
1043 1617 1070 1671 it,
1096 1618 1192 1676 capito’‚
1217 1619 1303 1680 iuquit,
1324 1617 1396 1676 bum,
1416 1624 1440 1665 et
1459 1621 1480 1665 ei

300 1711 411 1765 calvitur,
431 1721 488 1766 ergo
506 1707 545 1750 sur
563 1701 692 1748 dominum’
712 1693 785 1762 [endo
805 1700 867 1746 ferto
886 1715 984 1746 manum
1004 1693 1118 1763 Carrio]
1155 1695 1193 1748 D.
1212 1700 1350 1762 50,l6,233
1366 1716 1410 1768 pr,

373 1798 397 1842 3.
425 1787 493 1841 Geli.
519 1781 657 1854 (20,1,25):
688 1787 769 1833 Verba
793 1791 850 1833 eunt
868 1788 929 1834 haec
953 1789 1055 1847 delego
1084 1789 1110 1834 Si
1127 1791 1152 1836 in
1171 1791 1207 1836 ius
1225 1798 1310 1838 vocat:
1338 1791 1366 1839 ‘ei
1385 1795 1482 1841 morbus

301 1885 427 1931 aevitasve
445 1883 530 1927 vitium
549 1877 616 1924 eecit’
635 1878 713 1938 quiin
726 1877 762 1921 ius
775 1874 873 1921 vocabit
888 1876 1029 1922 ‘iumentum
1042 1877 1115 1924 deto'.
1142 1870 1226 1925 Verba
1240 1881 1282 1942 qui
1296 1883 1320 1926 in
1333 1883 1370 1927 ine
1382 1883 1480 1929 vocabit

300 1963 453 2031 interpretis
470 1976 523 2014 eree
540 1959 608 2012 cidit
626 1956 783 2012 Soioelliue.
805 1983 837 1994 -
862 1955 947 2009 Varro
966 1957 1009 2024 (de
1028 1951 1045 2012 l.
1058 1958 1076 2010 l.
1090 1959 1194 2026 5,140):
1213 1981 1304 2024 arcere,
1323 1981 1386 2028 quac
1406 1970 1482 2014 etiem

301 2059 326 2104 in
345 2057 396 2104 XII
414 2057 464 2102 tab.
485 2056 635 2116 appellatur,
666 2052 730 2113 quod
757 2066 787 2096 ex
806 2051 897 2097 tabulis
916 2051 1053 2098 vehiculum
1071 2058 1125 2099 crat
1145 2055 1238 2100 luctum
1256 2060 1366 2103 nterea.
1385 2077 1420 2088 --
1439 2048 1481 2117 Of.

303 2137 371 2192 Geli.
390 2121 558 2203 20‚i,11.24-
571 2137 615 2188 30.
652 2131 725 2186 Feci.
745 2131 789 2201 (P.
801 2134 845 2202 77)
865 2141 926 2186 eeoit
938 2141 985 2186 erit
1004 2133 1120 2202 (Schoell
1132 2134 1187 2201 98).
1225 2134 1296 2190 Nort.
1312 2137 1370 2206 (38)
1392 2144 1482 2190 Arcera

301 2235 437 2294 plaustrum
457 2235 495 2276 eet
512 2229 636 2284 rusticum,
656 2231 747 2273 tectum
765 2227 873 2287 undique
892 2229 962 2288 quasi
982 2242 1045 2274 arca.
1067 2251 1095 2259 -
1118 2229 1169 2274 Hoc
1182 2232 1264 2273 antem
1277 2229 1381 2274 vehiculi
1394 2243 1482 2288 genere

301 2333 371 2366 eones
390 2323 415 2364 et
433 2318 526 2375 aegroti
546 2316 638 2361 vectari
657 2315 744 2360 solent.

316 2461 319 2468 ,
373 2409 397 2453 4.
425 2398 492 2452 Geli.
513 2393 651 2464 (16,10,5):
670 2403 763 2448 Ennius
782 2402 882 2447 verbum
900 2401 945 2447 hoc
964 2393 1130 2464 (proletarius)
1148 2418 1178 2449 ex
1197 2405 1247 2451 XII
1266 2406 1317 2450 tab.
1332 2429 1363 2436 —
1379 2407 1481 2468 accepit,

301 2495 439 2556 inquibus,
466 2495 570 2538 sirecte
589 2491 748 2545 commemini,
776 2491 811 2534 ita
830 2491 946 2550 scriptum
965 2494 1015 2534 eet:
1045 2487 1149 2536 ‘assiduo
1173 2515 1197 2521 —
1221 2494 1351 2552 proletario
1370 2495 1418 2538 iam
1436 2494 1483 2539 ciui

302 2577 364 2643 (iem
381 2583 429 2628 ciui
447 2573 573 2626 omittant
590 2571 666 2624 codd.
681 2569 764 2624 Gellii
778 2569 892 2638 familia
903 2571 1002 2638 altera)
1019 2579 1057 2623 eui
1069 2580 1122 2639 quir
1136 2581 1201 2625 volet
1213 2566 1383 2638 uindexestos'
1414 2575 1481 2643 [Sor.

301 2671 432 2732 proletario
450 2669 534 2729 quiqui
552 2669 625 2712 volet.
645 2667 691 2712 Tu.
702 2660 747 2727 M.)
778 2658 831 2712 (Ἀθ.
850 2664 902 2726 top.
921 2661 995 2725 2,10:
1017 2666 1075 2711 Cum
1094 2669 1134 2712 lox
1153 2661 1215 2725 (inc.
1228 2669 1292 2714 aelia
1310 2670 1389 2715 eentia
1409 2661 1481 2724 libri)

302 2757 398 2802 aseiduo
417 2756 534 2800 vindicem
553 2755 676 2798 assiduum
695 2767 747 2798 esee
768 2753 861 2808 iubeat,
881 2755 1026 2811 locupletem
1049 2753 1116 2798 iubet
1138 2756 1265 2815 locupleti;
1294 2759 1398 2816 locuples
1418 2758 1480 2802 enim

302 2849 340 2890 eet
358 2843 476 2898 assiduus,
504 2849 532 2887 ut
552 2843 588 2887 ait
606 2841 634 2885 L.
656 2842 745 2888 Aelius.
767 2863 798 2871 -
825 2832 893 2886 Feci.
917 2832 959 2901 (Ρ.
981 2833 1008 2902 9)
1038 2841 1157 2886 Adsiduus
1176 2843 1273 2900 dioltur,
1292 2845 1333 2904 qui
1352 2845 1377 2888 in
1396 2857 1425 2888 ea
1445 2858 1478 2898 re,

302 2945 374 2992 quam
397 2929 536 2990 frequenter
555 2929 614 2988 agit,
642 2929 713 2989 quasi
733 2927 871 2974 concedisse
890 2927 1014 2982 videatur;
1044 2929 1086 2972 alii
1105 2929 1229 2974 assiduum
1246 2931 1398 2989 locupletem,
1421 2944 1482 2990 quae

302 3021 431 3064 multorum
449 3017 547 3074 aerium,
566 3017 656 3061 dictum
674 3019 804 3077 putarunt3
824 3016 867 3060 alii
883 3027 944 3071 eum,
965 3016 1112 3076 quirumptu
1125 3017 1219 3076 proprio
1233 3015 1361 3071 militabat,
1382 3017 1413 3062 ab
1427 3029 1481 3063 aere

301 3106 381 3150 dendo
403 3097 547 3168 [accedendo
564 3095 603 3164 Τ.]
624 3107 736 3150 vocatum
750 3103 922 3148 existimarunt
941 3095 1112 3164 [aestimarunt
1125 3096 1206 3166 libre)
1227 3096 1269 3162 (L.
1280 3099 1339 3164 376,
1360 3096 1483 3166 Μο.84.)

302 3193 397 3238 Vindex
416 3194 447 3238 ab
461 3207 497 3248 eo,
516 3193 579 3253 qaod
589 3193 705 3247 vindicat,
719 3206 766 3253 qno
775 3193 853 3236 minus
864 3192 890 3246 ie,
905 3191 946 3252 qui
957 3203 1056 3253 preneur
1068 3197 1105 3236 eet
1119 3191 1151 3236 ab
1164 3193 1253 3251 aliquo,
1266 3195 1387 3238 teneatur.
1407 3185 1478 3240 Non.

302 3275 358 3343 (48)
371 3281 499 3327 Proletarii
509 3281 568 3326 dicti
580 3285 636 3324 eunt
653 3279 741 3341 plebei,
760 3280 802 3340 qui
820 3279 881 3324 nibil
900 3279 1047 3340 reipublicae
1062 3278 1202 3336 exhibeant,
1223 3280 1267 3324 eod
1279 3285 1375 3326 tantum
1388 3283 1480 3341 prolem

302 3367 432 3413 sufficiant.
451 3389 481 3397 -
500 3366 578 3412 Varro
597 3367 627 3411 de
645 3366 697 3411 vita
717 3379 739 3425 p.
759 3365 788 3410 R.
809 3364 850 3410 lib.
869 3365 897 3410 1:
918 3363 1012 3426 ‘quibus
1031 3371 1101 3410 erant
1119 3367 1235 3426 pecuniae
1255 3368 1323 3423 satie,
1343 3369 1478 3430 locupletis,

303 3455 427 3509 adsiduos3
456 3454 587 3499 contrarios
614 3454 764 3513 proletarios.
804 3453 911 3498 Adsiduo
936 3455 1056 3499 neminem
1074 3454 1192 3499 vindicem
1210 3455 1337 3501 voluerunt
1356 3458 1479 3518 locupleti

301 3535 389 3604 [idemz
409 3542 509 3586 adsiduo
528 3541 647 3586 neminem
665 3541 783 3587 vindicem
802 3554 854 3586 esee
874 3541 1001 3586 voluerunt
1019 3541 1066 3586 niei
1085 3541 1212 3586 adsiduum
1230 3541 1255 3586 id
1273 3547 1310 3588 est
1330 3545 1479 3606 locupletem

302 3621 413 3674 coniecit
433 3619 588 3688 Turnebus).
622 3622 692 3690 (106)
710 3629 839 3674 Proletarii
863 3630 927 3674 cives
952 3628 1108 3683 dicebantur,
1133 3629 1174 3689 qul
1200 3629 1314 3690 inplebo
1334 3633 1477 3679 tenuissima

301 3717 371 3761 erant
391 3720 415 3760 et
435 3730 481 3761 non
500 3717 603 3777 amplius
622 3731 695 3777 quam
713 3709 780 3762 mille
799 3723 824 3762 et
842 3719 985 3779 quingentos
1005 3716 1067 3761 aeris
1087 3717 1111 3760 in
1130 3729 1228 3761 coneum
1249 3717 1399 3766 deferebant.
1440 3711 1477 3765 D.

301 3798 430 3862 2‚4,22,1,·
447 3797 616 3861 50,16,234,1.

375 3893 398 3938 5.
417 3881 505 3937 Feci:
524 3891 641 3937 Senator:
723 3894 747 3939 iu
756 3893 820 3938 XII:
839 3906 886 3938 nex
965 3891 1022 3936 forti
1040 3891 1120 3936 eaneti
1140 3885 1210 3953 (vide
1222 3887 1251 3939 in
1265 3888 1477 3955 epitomenosit'a

302 3971 390 4032 Festi)
474 3971 548 4024 Idem
568 3971 647 4024 alibi:
673 3979 703 4024 In
721 3979 772 4024 XII
790 3985 888 4025 cantum
906 3985 950 4035 eet,
976 3983 1003 4024 ut
1022 3980 1085 4024 idem
1103 3981 1160 4025 iuria
1181 3985 1246 4026 esset
1265 3979 1395 4028 Sanatibus
1415 3985 1480 4044 quod

203 4057 208 4071 ⁸
301 4067 434 4112 Forctibus.
462 4057 536 4112 Feri.
555 4058 596 4128 (P.
608 4061 653 4128 84)
672 4067 777 4123 Forotee,
795 4067 861 4126 frugi
880 4072 904 4113 et
922 4067 1006 4122 bonus,
1026 4067 1076 4112 eive
1090 4068 1193 4114 validus.
1224 4060 1270 4132 (P.
1280 4065 1344 4132 102)
1363 4071 1478 4118 Horetum

302 4160 327 4199 ot
345 4153 447 4200 feretum
467 4167 509 4215 pro
527 4153 589 4200 bono
607 4153 728 4200 dicebaut.
764 4145 831 4203 Geli.
845 4146 982 4216 (16,10‚8):
999 4167 1053 4199 cum
1066 4157 1189 4214 proletarii
1203 4160 1228 4201 et
1241 4158 1332 4202 assidui
1346 4161 1370 4203 et
1385 4163 1483 4204 senates

302 4264 337 4274 -
355 4243 478 4303 omnisque
490 4243 535 4288 illa
547 4242 598 4288 ΧΠ
608 4241 657 4287 tab.
668 4243 802 4303 antiquitas
814 4267 845 4274 -
856 4243 980 4302 conposita
991 4243 1030 4287 eit.
1056 4233 1098 4302 Of.
1109 4235 1149 4300 fr.
1160 4239 1200 4290 10.

375 4332 450 4378 6-9.
478 4323 530 4380 Bb.
549 4323 586 4376 ad
604 4323 670 4376 Her.
690 4323 832 4390 (2,13‚20):
861 4327 938 4376 Pacta
957 4335 1020 4386 eunt,
1046 4343 1109 4391 quae
1128 4331 1222 4388 legibus
1241 4332 1392 4379 observanda
1413 4339 1477 4390 sunt,

303 4419 348 4464 hoo
367 4421 449 4465 modo:
469 4417 527 4463 ‘rem
541 4439 568 4448 -
583 4418 679 4463 culcito’
697 4411 748 4480 (st'c
759 4411 838 4470 libri).
875 4411 941 4467 Geli.
962 4412 1100 4479 (17‚2,10)=
1121 4416 1184 4464 ‘Sole
1197 4420 1301 4478 occaeo'5
1323 4433 1371 4466 non
1386 4421 1482 4467 insuavi

301 4511 425 4553 vetustate
444 4513 489 4566 eet,
509 4529 544 4538 --
562 4508 586 4551 in
604 4505 654 4551 XII
674 4512 756 4550 eutem
774 4505 864 4551 tabulis
883 4506 984 4552 verbum
1003 4507 1047 4552 hoo
1066 4507 1102 4552 ita
1121 4507 1237 4567 scriptum
1256 4512 1308 4552 este
1329 4495 1393 4554 ‘ante
1413 4509 1483 4555 meri·
