3400 5254
751 363 869 418 Servius.
1366 370 1406 434 79

229 579 269 590 -
300 539 437 604 lure-
462 539 655 623 pontificali,
688 541 714 604 si
747 541 819 624 quis
850 540 972 604 fianrini
1001 579 1034 588 —
1063 567 1167 628 genua
1196 545 1310 609 fuisset
1340 569 1406 609 am·

228 645 349 728 plexus,
374 669 446 710 eum
469 647 630 710 verberari
653 667 716 709 non
741 645 868 709 licebat.

315 754 345 828 4,
370 753 421 816 29.
467 751 492 815 F
504 751 742 816 laminicam
764 751 825 814 nisi
849 773 947 815 unum
965 753 1069 818 virum
1092 751 1210 818 habere
1225 775 1289 818 non
1305 754 1406 832 licet¹‚

230 894 266 903 —
298 879 354 920 nec
384 857 506 920 flamini
542 857 636 921 aliam
661 858 775 922 ducere
798 855 915 920 licebat
939 880 1070 924 uxorem
1093 859 1155 924 nisi
1178 863 1406 942 postmortem

230 961 409 1026 flaminicae
431 961 566 1026 uxoris².

315 1071 345 1146 4,
372 1067 444 1132 103.
482 1065 646 1149 Coemptio
666 1103 703 1112 -
722 1071 780 1141 est,
805 1067 860 1130 ubi
884 1066 967 1130 libra
990 1072 1087 1151 atque
1110 1091 1162 1133 aes
1179 1068 1358 1148 adhibetur,
1375 1073 1408 1134 et

227 1171 343 1236 mulier
366 1176 463 1256 alque
486 1173 535 1236 vir
557 1171 643 1235 inter
665 1193 697 1235 se
721 1173 811 1254 quasi
837 1175 1030 1256 emptionem
1047 1173 1170 1238 faciunt
1186 1210 1237 1236 —.
1273 1172 1407 1258 (10311111-

229 1277 315 1340 113113
348 1277 435 1341 facta
458 1276 572 1341 mulier
595 1277 626 1340 in
652 1280 844 1360 potestatem
867 1277 928 1340 viri
952 1279 1052 1355 cedit,
1083 1282 1179 1363 atque
1202 1280 1249 1343 ita
1271 1279 1408 1344 sustinet

229 1383 446 1446 condicionem
469 1382 588 1446 liberae
612 1381 793 1446 servitutis⁸
818 1419 871 1445 -.
917 1380 960 1446 ln
983 1405 1141 1446 manum
1165 1420 1207 1428 —
1231 1405 1407 1447 conven-

228 1488 287 1550 tio
319 1511 355 1552 eo
388 1489 453 1552 ritu
476 1487 648 1570 perficitur,
681 1491 718 1550 ut
741 1509 824 1572 aqua
847 1491 879 1550 et
900 1487 970 1570 igni
993 1485 1163 1565 adhibitis,
1195 1487 1317 1552 duobus
1338 1511 1406 1552 1113-

228 1593 323 1656 nimis
347 1593 522 1668 clementie,
546 1597 662 1656 natura
686 1592 855 1657 coniuncta
878 1590 1044 1670 habeatur,
1069 1614 1149 1677 quae
1172 1615 1221 1657 res
1244 1593 1282 1657 ad
1305 1593 1407 1658 farre·

230 1702 298 1762 atas
322 1700 451 1782 nuptias
472 1698 622 1782 pertinet,
647 1699 763 1782 quihus
779 1697 940 1761 flaminem
962 1703 994 1762 et
1009 1697 1202 1762 flaminioam
1216 1698 1285 1762 iure
1301 1699 1407 1782 pont'·

228 1803 300 1866 ficio
323 1805 356 1866 in
380 1803 618 1866 matrimonium
643 1824 768 1868 necesse
792 1807 840 1866 est
863 1803 1040 1866 convenire.
1142 1811 1144 1818 ’

315 1911 346 1989 4,
370 1909 449 1972 374.
490 1908 560 1973 Mos
593 1945 632 1954 -
657 1908 740 1991 apud
772 1913 892 1971 veteres
924 1907 987 1971 fuit
1009 1907 1131 1972 flamini
1161 1929 1197 1970 ac
1219 1907 1406 1986 flaminicae,

229 2012 303 2075 dum
326 2034 382 2096 per
404 2012 688 2078 confarreationem
714 2011 748 2074 in
770 2009 900 2093 nuptias
916 2013 1131 2090 convenirent,
1156 2012 1250 2076 sellas
1264 2013 1342 2077 duas
1357 2015 1406 2077 iu-

229 2123 305 2200 gata
334 2117 447 2180 sovilla
470 2118 552 2201 pelle
575 2117 788 2201 superiniecta
811 2115 897 2198 poni,
922 2153 962 2162 -
987 2121 1023 2180 ut
1046 2117 1091 2180 ibi
1115 2119 1271 2182 nubentes
1294 2118 1408 2182 velatis

228 2223 386 2306 capitibus
409 2223 442 2286 in
466 2222 722 2287 confarreatione
745 2259 786 2268 -
811 2221 993 2285 residerent.

316 2329 345 2406 6,
370 2327 445 2392 431.
493 2327 567 2392 Sine
595 2325 714 2413 sorte]:
747 2327 815 2390 sine
846 2327 980 2403 iudicio;
1006 2348 1109 2391 -ex
1131 2349 1220 2392 more
1244 2327 1406 2393 Romano:

228 2456 291 2498 non
316 2434 400 2498 enim
424 2433 637 2498 audiebantur
660 2455 782 2510 causae,
808 2433 869 2496 nisi
892 2455 949 2516 per
971 2437 1089 2496 sortem
1113 2433 1286 2498 ordinatae.
1323 2432 1407 2497 Nam

228 2543 385 2622 tempore,
419 2561 482 2622 quo
505 2561 618 2603 causae
643 2537 841 2622 agebantur,
875 2537 1105 2602 conveniebant
1127 2553 1246 2616 omnes,
1270 2538 1353 2624 unde
1377 2543 1408 2602 et

229 2644 419 2709 ‘concilium'
455 2645 519 2723 ait3
553 2650 585 2708 et
617 2667 656 2708 ex
679 2648 765 2708 sorte
788 2643 910 2707 dierum
933 2643 1075 2707 ordinem
1098 2640 1310 2726 accipiebant,
1344 2665 1407 2727 quo

228 2755 300 2831 post
322 2751 405 2814 diem
428 2752 630 2835 trigesimum
654 2773 727 2814 suas
750 2769 862 2814 causas
886 2751 1148 2832 exsequerentur3
1172 2747 1255 2811 unde
1271 2751 1319 2812 est
1343 2753 1407 2812 ‘ur-

228 2875 301 2916 nam
325 2857 450 2920 movet'.
496 2854 691 2920 Iuvenalis⁴z
716 2853 840 2919 ‘Gratia
864 2853 972 2926 fallaci
996 2852 1152 2938 praetoris
1176 2853 1288 2916 vicerit
1305 2854 1415 2940 urna'.

316 2957 345 3036 6,
363 2957 436 3022 609.
472 2957 572 3022 Fraus
594 2960 710 3022 innexa
727 2955 848 3042 clienti]
873 2981 911 3022 ex
927 2959 998 3042 lege
1014 2957 1292 3022 ΧΙΙ13111113111111δ
1308 2958 1407 3036 venit,

228 3061 400 3145 inquibus
431 3064 584 3146 scriptum
616 3067 684 3126 est:
718 3062 887 3126 ‘Patronus
913 3099 951 3108 -
977 3063 1064 3126 esto'.
1111 3063 1145 3127 si
1168 3065 1252 3126 enim
1275 3064 1415 3128 clientes

229 3167 320 3251 quasi
343 3168 482 3232 colentes
505 3172 589 3247 sunt,
613 3169 741 3252 patroni
765 3167 858 3252 qnasi
881 3172 998 3250 patres,
1021 3167 1211 3231 tantundem
1237 3172 1284 3232 est
1307 3169 1406 3232 clien-

228 3275 292 3336 tem
316 3278 470 3356 quantum
494 3273 595 3336 filium
618 3271 739 3337 fallere.

316 3377 345 3456 7,
370 3378 443 3442 601.
490 3377 593 3441 Varro
624 3377 694 3440 vult
723 3379 864 3442 ‘morem'
899 3398 966 3442 esse
994 3399 1194 3442 communem
1218 3398 1405 3441 consensum

229 3483 371 3546 omnium
394 3481 489 3545 simul
506 3481 734 3559 habitantium,
760 3483 816 3568 qni
830 3483 1026 3548 inveteratus
1042 3483 1302 3547 consuetudinem
1318 3481 1405 3546 facit.

316 3589 345 3666 7,
363 3587 444 3651 695.
490 3586 595 3650 Iustos
619 3625 660 3636 -
684 3587 762 3652 dicit
784 3587 942 3665 Faliscos,
976 3587 1051 3672 quia
1083 3587 1219 3672 populus
1244 3586 1407 3651 Romanus

228 3689 332 3754 missis
355 3690 464 3755 Xviris
488 3692 528 3756 ab
552 3691 630 3775 ipsis
654 3692 725 3756 iura
748 3692 873 3758 fetialia
896 3691 1028 3777 collegit
1051 3698 1083 3757 et
1105 3693 1261 3758 nonnulla
1277 3695 1406 3778 supple·

228 3802 336 3860 menta
357 3795 422 3862 Xll
444 3798 626 3862 tabularum
651 3799 783 3883 accepit,
807 3821 886 3884 qnas
909 3799 1067 3862 habuerat
1089 3797 1129 3862 ab
1145 3797 1405 3864 Atheniensibus.

316 3905 345 3980 8,
363 3903 436 3970 642.
483 3901 573 3966 Gitae
592 3939 629 3948 —
649 3901 835 3990 quadrigae]
863 3903 1008 3968 Donatus
1031 3903 1091 3968 hoc
1114 3903 1183 3968 loco
1207 3908 1318 3968 contra
1340 3925 1406 3966 me·

229 4009 314 4072 trum
344 4007 441 4072 sentit
472 4009 592 4073 dicens:
626 4008 727 4072 ‘citae'
753 4010 889 4087 divisae,
921 4013 958 4072 ut
987 4013 1035 4072 est
1052 4010 1098 4072 in
1122 4009 1191 4072 inre
1222 4013 1318 4072 ‘arcto
1342 4029 1405 4071 non

302 4181 328 4252 1)
350 4180 458 4235 Tertull.
478 4182 510 4236 de
527 4197 633 4250 monog.
651 4186 697 4235 17:
722 4181 851 4238 Pontifex
868 4181 1008 4237 maximus
1027 4179 1218 4235 31113111ἰηί33
1236 4179 1348 4234 nubunt
1366 4197 1407 4235 se·

229 4269 294 4324 mei.
321 4299 353 4307 -
381 4267 408 4337 2)
428 4268 651 4335 (1311103323.Ι
680 4269 891 4326 Matrimonium
919 4269 1041 4324 flaminis
1066 4267 1119 4322 nisi
1139 4271 1230 4324 morte
1249 4267 1344 4322 dirimi
1362 4267 1406 4322 ius

229 4373 284 4410 non
308 4358 358 4411 est.
397 4355 438 4424 Cf.
466 4355 539 4410 Fest.
565 4353 718 4412 Flammea
747 4385 780 4396 -
808 4355 835 4424 3)
855 4357 976 4412 sustinet
1000 4355 1096 4410 liberis
1114 4355 1304 4410 condicionem
1325 4354 1407 4410 liberi

230 4442 371 4496 seruitutis
390 4443 460 4497 libat.
481 4442 647 4510 -4)13‚r.
667 4473 703 4482 -
722 4445 748 4512 5)
770 4441 811 4510 Of.
831 4448 892 4496 tom.
913 4443 929 4496 1
944 4441 1099 4510 1333131.
1126 4441 1248 4508 Vrina.
