3400 5254
685 395 687 399 ’
733 389 735 393 ’
758 401 866 456 Festus.
1365 403 1405 468 19

222 584 256 648 N
272 583 431 667 nptias
455 582 556 645 dictas
578 602 646 644 esse
670 619 707 627 «-
735 579 848 644 Aelius
871 583 903 648 et
919 578 1057 656 Cincius,
1084 579 1161 663 qnia
1182 579 1330 644 flammeo
1352 585 1430 643 oa*

225 693 287 774 put
315 687 465 752 nubentis
493 685 698 762 obvolvatur,
731 685 815 769 quod
839 683 965 768 antiqui
988 682 1149 748 obnubere
1172 685 1334 759 vocarint3
1365 685 1405 748 ob

222 817 323 879 quam
353 814 481 859 causam
510 793 615 877 legem
646 811 776 876 quoque
801 789 1054 854 Praenestinam'
1089 788 1198 854 iubere
1221 794 1317 873 caput
1340 789 1407 854 eius

222 899 399 976 obnubere,
422 899 477 982 qui
499 901 665 980 parentem
688 897 877 972 necavisset,
901 895 986 978 quod
1002 898 1050 960 est
1066 893 1244 962 obvolvere.
1276 897 1315 960 F.
1333 899 1405 960 170.

230 1003 343 1068 otiu
355 1025 459 1068 rare
482 1001 703 1088 [iureiurando
726 997 946 1087 obstringere]
956 999 976 1064 ².
1013 1001 1053 1065 F.
1070 1003 1143 1065 189.

223 1107 285 1173 ob
296 1132 317 1172 n
328 1131 344 1173 e
354 1113 482 1186 ctero,
506 1107 660 1191 obligare,
684 1105 822 1169 maxime
838 1105 873 1168 in
889 1103 1012 1187 nuptiis
1028 1103 1179 1188 frequens
1195 1110 1253 1170 est.
1278 1105 1315 1170 L.
1332 1109 1406 1170 190.

224 1212 466 1298 Obrogare
494 1217 542 1278 est
570 1212 651 1296 legis
681 1210 799 1294 prioris
830 1209 1043 1274 infirmandae
1066 1231 1161 1274 oeusa
1185 1210 1287 1294 legem
1311 1209 1407 1274 aliam

231 1319 322 1384 ierre.
370 1318 408 1384 P.
434 1323 506 1382 187.
822 1313 823 1316 '

225 1422 511 1488 Obtestatio
533 1427 591 1501 est,
614 1442 687 1486 oum
711 1421 788 1485 deus
812 1421 906 1484 testis
928 1420 962 1483 in
986 1419 1149 1486 meliorem
1172 1427 1295 1505 partem
1314 1444 1407 1486 voca·

224 1533 293 1606 tur,
317 1527 602 1603 detestatio,
627 1548 698 1590 curn
721 1525 755 1588 in
779 1525 977 1590 deteriorem.
1026 1525 1064 1589 P.
1090 1529 1163 1593 184.

225 1633 374 1698 Occeu
387 1639 402 1698 t
413 1658 432 1698 a
444 1655 459 1698 s
470 1656 485 1698 s
498 1655 507 1695 1
500 1631 554 1696 t³
580 1630 705 1714 antiqui
729 1629 888 1708 dicebant,
864 1630 994 1714 tquod
1019 1652 1103 1694 nunc
1125 1633 1302 1699 convicium
1325 1633 1408 1698 fece-

232 1739 276 1802 rit
298 1739 450 1816 dicimus,
479 1737 564 1822 quod
587 1736 619 1799 id
644 1735 729 1799 elane
752 1738 784 1798 et
807 1755 879 1798 cum
901 1735 1038 1818 quodam
1063 1755 1177 1800 canore
1199 1737 1312 1816 ficut
1276 1742 1409 1822 nt-pro
1440 1764 1442 1768 ·

225 1845 283 1908 cul
314 1843 457 1908 exaudiri
481 1840 595 1926 possin
628 1839 713 1924 qnod
736 1845 830 1924 turpe
853 1839 1008 1918 habetur,
1041 1841 1200 1924 quianon
1224 1845 1292 1908 sine
1315 1867 1409 1911 causa

231 1951 300 2013 fieri
324 1949 484 2034 putatur.⁴
530 1947 570 2012 F.
594 1949 665 2012 181.

227 2053 259 2118 0
272 2056 438 2118 ccisum
463 2075 482 2117 a
497 2057 608 2116 necato
631 2051 787 2136 distingui
804 2051 945 2134 quidam,
963 2053 1047 2134 quod
1066 2051 1203 2116 alterum
1219 2075 1238 2116 a
1253 2055 1410 2120 caedendo

227 2163 329 2242 atquc
358 2159 423 2222 ictu
455 2157 524 2222 fieri
553 2157 681 2235 dicunt,
712 2154 849 2220 alterum
879 2157 948 2221 sine
970 2158 999 2220 io
1000 2161 1046 2220 tn.
1094 2156 1238 2241 ltaque
1229 2181 1263 2221 ιιι
1286 2157 1411 2226 Numae

238 2263 376 2347 Pompili
399 2263 484 2348 regis
506 2261 650 2346 legibus⁶
674 2260 829 2343 scriptum
845 2283 927 2325 esse.
952 2261 996 2325 ‘si
1013 2261 1245 2326 hominsmicei.
1248 2263 1320 2348 'F
1336 2269 1409 2330 178.

227 2366 461 2452 chcupat
453 2368 576 2431 roius
599 2385 678 2449 ager
702 2364 819 2429 dicitur
842 2367 898 2451 qui
921 2366 1080 2431 desertns⁶
1104 2343 1330 2433 acultoribusl
1347 2369 1410 2434 irs·

227 2473 382 2557 quentari
405 2472 553 2556 propriis,
577 2470 617 2534 ab
642 2469 714 2534 aliis
737 2475 919 2552 occupatur.
966 2471 1006 2534 P.
1029 2475 1104 2536 180.
1150 2479 1166 2554 (
1171 2473 1217 2551 Ol
1243 2474 1282 2537 F
1306 2479 1368 2539 181
1371 2473 1411 2558 )

227 2575 391 2660 Opima
414 2577 515 2660 spolia
539 2576 699 2655 dicuntur,
724 2611 766 2625 -
790 2596 872 2660 quae
895 2575 1011 2660 duxp.
1034 2575 1073 2640 R.
1099 2578 1171 2642 duci
1193 2577 1334 2644 hostium
1358 2581 1411 2644 de·

227 2684 342 2772 traxit,
366 2701 503 2766 quornm
525 2685 617 2744 tanta
639 2680 757 2744 raritas
782 2684 841 2758 est,
866 2679 1012 2744 utintra
1033 2703 1136 2746 anuos
1157 2683 1310 2766 paulo..
1327 2686 1412 2750 trina

225 2787 424 2872 contigerint
452 2787 574 2850 nomini
608 2785 771 2850 Romano:
809 2805 874 2848 una
904 2805 986 2868 quae
1018 2783 1177 2851 Romulus
1209 2789 1247 2852 de
1277 2791 1410 2865 Acrone,

227 2892 334 2956 altera
356 2913 438 2975 quae
460 2891 570 2955 consul
593 2891 709 2955 Cossus
732 2889 899 2954 Cornelius
922 2891 961 2954 de
984 2889 1184 2972 Tolumnio⁹‚
1213 2895 1309 2960 tertie
1332 2917 1413 2980 quae

233 2997 276 3060 M.
300 2995 469 3061 Marcellus
494 2997 567 3060 love
588 2996 732 3060 Feretrio
756 2995 830 3060 de¹⁰
847 2994 1049 3060 Viridomaro
1071 2997 1218 3062 fixerunt.
1248 2999 1291 3063 M.
1309 2999 1412 3064 Varro

227 3101 280 3166 ¹ait
311 3101 418 3183 opima
446 3101 549 3184 spolia
581 3098 804 3167 esseetiam1¹
829 3100 857 3164 si
879 3100 1092 3184 manipularis
1115 3101 1206 3166 miles
1229 3104 1412 3181 detraxerit,

228 3207 405 3270 dnmmodo
427 3206 498 3270 duci
521 3207 672 3284 hostium,
700 3203 773 3290 [secl
791 3208 904 3286 primo
926 3225 1004 3280 esce,
1029 3227 1109 3287 quae
1125 3207 1191 3270 duc
1206 3209 1413 3290 dariumque

233 3323 442 3330 .-—---·--

230 3362 309 3415 »dinis
328 3362 485 3420 contionem
504 3361 634 3417 advocari
653 3376 741 3430 posse3
762 3359 791 3412 id
811 3361 854 3413 est
872 3375 935 3412 cum
955 3360 1058 3429 populo
1074 3361 1131 3429 agi,
1150 3361 1267 3430 ideoque
1281 3361 1414 3417 nundinis

234 3479 269 3488 -
287 3450 384 3504 haberi
402 3447 515 3505 comitia
535 3465 592 3504 non
610 3465 703 3519 possm
732 3447 779 3501 sed
798 3447 861 3514 lege
880 3441 1031 3501 Hortensia
1052 3446 1181 3502 effectum
1202 3452 1252 3512 est,
1271 3452 1304 3502 ut
1322 3449 1414 3504 festae

228 3543 333 3599 essent,
352 3536 395 3590 uti
414 3537 518 3600 rustici,
537 3536 585 3606 qui
603 3533 787 3589 nundinandi
805 3549 890 3587 causa
908 3534 939 3586 in
959 3533 1062 3587 urbem
1078 3535 1240 3599 veniebant,
1259 3536 1324 3589 lites
1343 3553 1413 3592 com·
1449 3528 1451 3532 ⁷

231 3627 385 3693 ponerent3
406 3625 515 3678 nefasto
534 3623 607 3678 enirn
625 3623 671 3678 die
687 3621 815 3692 praetori
836 3620 894 3674 fari
914 3639 970 3676 non
989 3621 1100 3676 licebat.

309 3711 334 3780 1)
352 3727 453 3780 parens
466 3713 527 3765 tam
539 3712 603 3778 cod
623 3711 721 3764 erceud.
732 3710 923 3778 Beryto—2)
937 3707 1052 3780 [leaeP.
1067 3713 1173 3765 188.-
1188 3710 1215 3778 3)
1229 3715 1415 3768 occentassint
1518 3773 1520 3776 .

228 3799 391 3867 cort-4)
412 3797 454 3867 Of.
473 3799 651 3870 tom.1p.⁹8
668 3800 720 3854 tab
741 3798 973 3866 V111,.-ra-5)
994 3796 1415 3874 Ofitom.1p.8,..-3u4-6)

233 3885 339 3941 desitus
357 3887 530 3940 retenderunt
542 3887 598 3941 cdd.
621 3917 652 3926 -
671 3887 697 3954 7)
710 3885 898 3942 occultoribus
911 3885 951 3941 M.
968 3915 998 3926 ·-
1017 3887 1044 3952 8)
1059 3885 1416 3958 Grom.etLaetm.138,3:

227 3973 409 4043 Occupatorii
422 3976 517 4028 autem
530 3973 660 4029 dicuntur
672 3975 742 4044 agri,
755 3991 823 4044 quos
835 3973 950 4044 quidam
966 3971 1123 4027 arcifinales
1139 3978 1242 4030 vocent
1254 4000 1302 4038 -;
1316 3979 1416 4044 quibus
1465 3971 1467 3973 ’

235 4061 311 4130 agris
331 4061 420 4116 victor
437 4061 557 4132 populus
576 4063 738 4132 occupando
756 4078 858 4118 nomen
876 4061 962 4116 dedit.
1008 4061 1093 4116 Bellis
1108 4063 1184 4118 enirn
1198 4065 1285 4133 gestis
1300 4065 1416 4120 victores

229 4147 332 4219 ¹populi
350 4153 440 4203 terras
457 4165 560 4216 omnes,
588 4168 620 4206 ex
638 4152 740 4220 quibus
758 4152 847 4206 victos
865 4149 1013 4213 eiecerunt,
1048 4149 1242 4219 publicaturum
1261 4180 1297 4190 -
1316 4151 1417 4208 deinde

235 4235 402 4306 utquisque
421 4237 527 4293 virtute
545 4237 653 4294 colendi
675 4237 743 4306 quid
762 4234 927 4308 occupavit,
955 4238 1083 4292 arcendo
1102 4237 1224 4292 vicinum
1244 4238 1415 4294 arcifinalem

233 4321 315 4378 dixit.
342 4323 401 4393 Quo
418 4341 451 4379 ec
468 4327 525 4380 loeo
542 4331 610 4380 recte
622 4326 725 4394 oollepit
740 4323 907 4392 audoueus,
925 4327 991 4377 rim.
1009 4321 1117 4378 Feldm.
1132 4329 1219 4392 2,252,
1239 4327 1417 4394 occupaticios

228 4427 315 4478 apros
332 4413 366 4464 ab
385 4413 561 4481 occupatorias
578 4411 693 4481 differre.
720 4443 755 4450 ——
782 4411 811 4480 9)
830 4410 970 4467 columnis
994 4411 1022 4480 Q.
1044 4443 1077 4451 -
1101 4413 1145 4481 lo)
1164 4412 1222 4469 lovi
1241 4411 1365 4468 Feretrio
1383 4413 1417 4468 de

229 4513 286 4550 om.
306 4497 335 4567 Q.
354 4501 432 4554 biatu
449 4501 608 4570 metricam.
629 4527 661 4537 —
682 4500 725 4568 ll)
744 4499 832 4554 etiarn
851 4514 907 4554 esse
932 4499 967 4553 R.
1176 4568 1209 4622 2*
