3390 5246
617 384 813 456 Obligationes
831 384 1037 440 alimentariae.
1101 465 1104 472 ἢ

701 670 858 743 CAPUT
887 669 947 742 VI.

169 801 172 806 1
233 851 559 938 astttnttonts
587 850 1237 1057 dllllsstdlflldsl'i'lssl'ltiflslllllllcll’dlfis
1266 852 1413 965 nitat-

329 1163 403 1227 119.
441 1163 498 1226 Ex
521 1158 814 1224 institutione
837 1158 1114 1222 alimentaria
1137 1157 1326 1222 Traiani.

324 1300 385 1353 Iam
411 1299 530 1353 Nervam
556 1300 743 1366 imperatorem
766 1296 876 1366 puellas
895 1313 1049 1365 puerosque
1068 1299 1150 1352 natos
1168 1297 1333 1366 parentibus
1351 1315 1414 1367 ege·

232 1389 454 1456 stanislaumptu
473 1385 585 1455 publico
612 1401 663 1454 per
683 1383 784 1438 ltaliae
802 1383 906 1454 oppida
925 1383 962 1438 ali
988 1386 1100 1439 iussisse
1117 1385 1187 1439 Aur.
1212 1385 1278 1440 Vici.
1297 1403 1334 1454 ep.
1354 1389 1414 1453 tes

232 1483 336 1532 namot.
380 1475 458 1544 Quod
474 1473 649 1528 incohaverat
667 1472 773 1538 Nerea,
796 1473 908 1540 perfecit
935 1472 1071 1528 Traianus
1095 1479 1149 1526 tam
1166 1475 1254 1529 solida
1272 1475 1416 1543 stabilique

232 1567 354 1631 ratione,
383 1570 414 1616 ut
438 1579 523 1630 nsque
547 1561 584 1615 ad
601 1559 804 1614 Diocletianum
817 1563 998 1628 perneanserit
1014 1563 1071 1616 aus
1088 1563 1230 1616 institutio.
1269 1561 1361 1616 Certae
1378 1561 1416 1617 od

232 1654 304 1706 lune
325 1669 404 1705 usum
420 1651 553 1718 pecunias
576 1649 691 1718 sinpulis
709 1648 816 1716 oppidis
833 1649 977 1715 adtribuit,
1001 1665 1116 1717 quarum
1133 1666 1166 1702 ea
1182 1649 1270 1702 reditu
1288 1649 1415 1703 alimenta

227 1757 280 1809 per
303 1745 388 1794 certos
406 1740 580 1806 mapistratns
595 1743 809 1811 praestarentur.
846 1737 1062 1790 Adtributionem
1081 1743 1170 1790 autem
1187 1737 1322 1804 nequeita
1335 1737 1413 1790 insti·

231 1830 292 1892 tuit,
311 1833 342 1880 ut
359 1833 452 1880 nostro
470 1841 542 1878 more
555 1827 606 1892 pia
624 1840 746 1892 corpora,
764 1839 832 1891 quae
844 1840 1025 1891 personarum
1042 1826 1098 1878 eice
1111 1824 1298 1893 sumerentur,
1318 1825 1413 1878 consu-

231 1920 322 1974 tueret
344 1929 427 1982 moue
444 1914 492 1972 ita,
510 1919 542 1965 ut
552 1913 682 1980 pecunias
700 1913 766 1980 ipsis
783 1912 936 1966 civitatibus
953 1912 1182 1966 administrandas
1194 1912 1350 1980 concederet,
1369 1913 1416 1966 sed

230 2001 353 2069 minatis
372 1999 532 2064 tramittitur,
547 1999 652 2065 sandes
666 1999 870 2067 possidentibus,
887 2002 1018 2068 pecunias
1036 2002 1125 2064 fenori
1140 2002 1220 2069 dedit,
1239 2003 1287 2070 qui
1298 2004 1414 2072 praedia

231 2105 283 2141 sua
312 2094 368 2140 tom
389 2102 443 2153 pro
467 2093 538 2138 sorte
562 2103 640 2154 quam
662 2102 713 2154 pro
736 2089 828 2140 usuris
845 2089 1003 2154 imperatori
1025 2089 1065 2142 cel
1082 2089 1243 2158 reipublicae
1260 2089 1415 2160 obliporent.

232 2175 342 2228 Errare
360 2174 480 2242 Saaipnp
499 2179 588 2238 (verm.
609 2171 683 2226 Scir.
703 2176 774 2240 5,57)
794 2179 818 2226 et
836 2173 943 2227 Puclrta
962 2174 1041 2238 (Inst.
1060 2177 1150 2240 §nel
1175 2178 1286 2243 privato
1303 2177 1414 2243 fiducia-

232 2279 293 2315 rum
317 2263 357 2316 ael
374 2263 582 2330 hypothecarum
599 2263 659 2314 iure
677 2278 735 2314 eom
753 2262 941 2330 oblipationcm
954 2263 1062 2331 saetam
1073 2279 1130 2316 esse
1138 2269 1317 2330 putaminum
1334 2266 1415 2318 immo

233 2350 370 2418 callipitar
394 2365 408 2402 e
431 2349 485 2418 lepe
507 2349 609 2402 Malae.
634 2365 656 2402 e.
675 2351 754 2402 6003
776 2350 836 2402 sola
850 2349 1026 2418 praediorum
1042 2350 1244 2418 sulsipnatione
1261 2352 1291 2404 in
1309 2351 1416 2405 tabulas
1473 2399 1476 2406 .

227 2437 358 2505 publicas
376 2438 463 2491 relato
482 2453 538 2490 eam
557 2442 694 2508 peractam
713 2452 774 2502 esse,
794 2443 824 2488 ut
841 2453 897 2489 mos
917 2443 974 2491 erat
991 2439 1021 2490 iu
1039 2437 1163 2491 omnibus
1177 2439 1348 2506 priuatorum
1367 2439 1415 2493 ad-

231 2541 325 2578 uersus
351 2541 406 2578 rem
426 2525 563 2592 publicam
588 2523 807 2592 oblipationibus.
844 2525 889 2577 Ita
907 2540 975 2592 opus
994 2541 1048 2578 non
1067 2531 1125 2580 erat
1143 2527 1222 2594 lonpo
1239 2528 1414 2595 mancipatio-

231 2629 296 2665 uum
324 2618 349 2666 et
372 2613 631 2679 remancipationum
655 2612 785 2677 circuitu,
815 2628 867 2679 quo
888 2613 998 2666 Plinius
1020 2614 1104 2666 simili
1125 2615 1155 2668 in
1172 2631 1202 2668 re
1218 2631 1295 2668 essum
1314 2631 1342 2669 se
1360 2631 1415 2670 esse

231 2700 297 2752 dicit
323 2698 412 2767 (infra
435 2697 481 2765 VI,
489 2702 532 2765 2),
558 2699 588 2751 id
606 2699 678 2767 quod
692 2705 858 2768 putaverunt
876 2699 1019 2763 Bacltofeu
1046 2704 1122 2767 (rim.
1143 2701 1368 2770 Pfandr.1,226l
1387 2711 1413 2758 et

232 2787 345 2840 Heneen
372 2787 441 2850 (tab.
456 2787 529 2839 alim.
554 2787 635 2840 Baet.
654 2790 754 2852 2526).
786 2817 816 2826 -
841 2787 889 2840 Ea
912 2787 1035 2842 ommtus
1056 2806 1106 2858 per
1127 2791 1279 2844 universam
1303 2791 1414 2846 Italiam
1504 2791 1506 2810 ²

232 2881 296 2928 tuuc
320 2875 476 2942 conscriptis
497 2875 672 2942 praediorum
695 2876 902 2944 ollipatiomlaus
924 2877 978 2930 dno
996 2883 1102 2931 tautum
1121 2877 1158 2930 od
1174 2894 1223 2931 nos
1236 2886 1415 2946 pervenerunt

228 2961 431 3028 professionum
450 2961 557 3028 indices,
576 2964 644 3017 alter
661 2963 824 3030 Veleiatium,
842 2965 911 3017 alter
927 2964 1061 3033 Lipurum
1073 2965 1330 3034 Italiaeiujerioris
1350 2985 1412 3036 qno-

231 3065 293 3100 rum
320 3050 387 3101 satis
412 3049 496 3101 habui
516 3051 631 3117 recepere
655 3051 752 3117 quibus
768 3069 872 3105 summo
889 3053 930 3104 rei
946 3052 1137 3106 illustraretur.
1175 3055 1267 3122 Neque
1286 3056 1356 3108 enim
1373 3058 1413 3126 ip

233 3150 292 3186 sam
311 3135 499 3203 oblipationem
516 3138 556 3188 ael
574 3137 799 3205 subsr'pnationem
813 3139 989 3205 praediorum
1007 3141 1043 3193 iis
1062 3142 1199 3208 contineri,
1218 3142 1265 3195 sed
1280 3145 1338 3196 eius
1353 3159 1413 3212 per·

231 3220 362 3286 eiciendas
382 3238 465 3275 causa
481 3223 584 3289 factum
602 3223 715 3275 indicem
734 3224 865 3290 quendam
882 3225 962 3277 ambo
978 3226 1131 3280 sollemnia:
1161 3229 1299 3295 professus
1318 3233 1360 3284 eet
1381 3261 1412 3270 -

234 3307 359 3377 accipere
383 3308 466 3362 debet
485 3311 514 3362 et
532 3309 674 3372 obligare,
702 3309 847 3364 declarant.
867 3339 899 3348 —-
923 3311 1014 3365 Totius
1032 3314 1210 3368 institutionis
1228 3317 1413 3372 alimentariae
1603 3387 1604 3392 Ἰ

231 3397 373 3450 historiam
386 3396 543 3462 consmipsit
555 3396 664 3450 Heneen
684 3399 730 3452 lc.
745 3401 837 3463 7-57,
857 3399 902 3451 cui
919 3399 986 3452 adde
1006 3399 1063 3454 Mo.
1081 3400 1154 3453 Berl.
1165 3402 1228 3455 Ber.
1248 3406 1314 3456 1861
1327 3422 1357 3472 p.
1368 3408 1412 3468 87,
1501 3425 1503 3430 ·

233 3483 259 3535 0.
280 3483 304 3536 I.
325 3481 358 3535 L.
379 3486 458 3550 2,157
476 3501 501 3536 n.
521 3488 594 3546 1174,
614 3484 725 3538 Hermes
743 3488 889 3551 3,101.124.

479 3664 505 3705 a.
524 3652 628 3706 Tabula
647 3651 764 3708 vetetis.
799 3646 839 3730 (a.
868 3647 1038 3711 los-112
1062 3672 1091 3732 p.
1118 3647 1171 3733 C.)‘

305 3779 523 3841 e.1.L.11‚2os
539 3799 566 3834 n.
584 3786 657 3836 1147.
698 3783 801 3837 Tabula
816 3801 965 3853 pnmapna
984 3787 1021 3851 (a.
1040 3789 1098 3854 1,35
1115 3805 1158 3856 m,
1180 3789 1196 3842 l.
1215 3793 1233 3842 3
1250 3793 1298 3857 m.)
1315 3799 1412 3860 septem

186 3856 188 3861 ’
231 3867 362 3921 columnis
382 3870 448 3932 (772
458 3869 586 3930 uersibus)
599 3871 738 3938 inscripta,
758 3872 855 3939 quitus
862 3875 1041 3941 praescriptio
1054 3875 1150 3928 litteris
1161 3878 1309 3932 maioribus
1320 3895 1411 3948 super·

230 3956 332 4024 scripto
363 3961 416 4021 est,
447 3964 552 4024 reperto
576 3975 601 4011 a.
621 3961 688 4012 1747
705 3961 735 4012 in
753 3961 842 4012 ruinis
859 3959 961 4014 Veleine
978 3963 1115 4030 antiquae,
1133 3964 1212 4019 lodie
1230 3965 1346 4021 Parmae
1364 3968 1410 4022 ad·
1500 3956 1501 3962 ἵ

230 4047 344 4096 snecta.
382 4042 470 4095 Edita
488 4049 526 4096 est
544 4061 561 4095 a
580 4043 613 4096 F.
634 4046 668 4098 A.
694 4045 772 4113 Wolf
775 4087 782 4111 ,
806 4047 929 4116 Stiftunp
950 4047 1075 4111 Troiane,
1094 4053 1181 4118 1808,
1212 4053 1243 4105 Ρ.
1263 4053 1294 4106 de
1312 4053 1409 4122 Lama

231 4135 285 4183 tao.
306 4131 378 4183 alim.
395 4129 482 4196 Vellep'.
501 4133 567 4184 1819
576 4173 583 4198 ,
613 4132 785 4200 Desjordins,
804 4135 836 4188 de
854 4136 955 4189 tabulis
974 4138 1045 4190 alim.
1066 4141 1141 4199 1854,
1161 4157 1274 4206 quocum
1293 4142 1327 4208 cf.
1344 4144 1412 4197 eius·

231 4216 288 4269 dem
306 4217 440 4270 libellum:
463 4217 568 4271 Velleio.
606 4219 707 4274 Rornae
724 4225 799 4274 1858.

321 4339 486 4428 obligatio
509 4342 710 4424 praediorum
734 4345 774 4408 ob
798 4343 853 4409 HS
877 4347 1001 4411 deciens
1024 4349 1239 4432 quadraginta
1259 4356 1410 4436 quattuor
1429 4378 1548 4434 mmor,

234 4444 324 4508 milia
349 4444 542 4525 (1044000),
567 4454 604 4510 ut
628 4470 666 4511 ex
689 4448 890 4534 indulgentia
913 4452 1027 4535 optimi
1049 4454 1242 4538 maximique
1260 4457 1412 4540 principis

280 4544 378 4609 Beate,
399 4555 485 4600 Fontes
505 4556 571 4601 iuris.
609 4557 651 4602 Ed.
671 4557 714 4603 VI.
1165 4556 1199 4610 20
