3400 5254
745 413 875 484 Isidorus.
1356 420 1395 482 37

216 594 315 652 tatem
340 593 510 652 sumentes
557 588 634 653 Inde
662 589 739 672 quia
762 612 817 671 per
839 593 1068 653 testamentum
1099 613 1163 653 non
1187 591 1316 666 fiebant,
1341 615 1397 656 nec

217 715 255 758 ex
279 698 471 757 testamento
499 694 621 777 aliquid
645 716 756 777 capere
778 715 836 759 nec
859 716 932 758 suos
956 695 1087 759 heredes
1111 695 1216 760 facere
1240 701 1396 780 poterant,

216 803 299 864 cives
332 799 469 864 Romani
504 806 614 882 postea
644 801 703 863 sub
732 800 916 864 consulibus
949 823 1005 883 per
1036 803 1230 864 testamenta
1262 802 1296 864 in
1319 803 1397 867 urbe

218 904 364 968 Romana
388 904 492 968 effecti
515 910 601 968 sunt.
649 907 699 968 52.
726 905 811 970 Dicti
836 911 943 968 autem
967 906 1081 969 cives
1105 903 1298 983 Romani,
1321 907 1396 990 quia

217 1015 410 1073 testamento
441 1011 534 1073 liberi
558 1011 660 1074 effecti
684 1011 718 1074 in
740 1033 909 1074 numerum
932 1008 1150 1074 Romanorum
1174 1011 1290 1074 civium
1313 1011 1395 1074 redi-

218 1121 350 1198 guntur.
398 1115 457 1178 His
490 1116 625 1198 primum
660 1116 764 1178 aditus
797 1121 866 1179 erat
897 1116 928 1177 in
960 1115 1039 1180 urbe
1063 1113 1166 1178 Roma
1197 1117 1394 1193 commorari,

216 1219 343 1282 ceteris¹
371 1225 476 1284 autem
500 1220 624 1283 libertis
648 1221 893 1302 prohibebatur,
925 1240 965 1284 ne
989 1219 1038 1284 vel
1061 1220 1094 1282 in
1118 1220 1197 1283 urbe
1221 1217 1323 1283 Roma
1346 1220 1396 1284 vel

217 1324 303 1387 intra
327 1325 514 1407 septimum¹
541 1325 581 1387 ab
605 1324 684 1387 urbe
707 1324 880 1387 miliarium
905 1329 1150 1388 commanerent.

305 1428 431 1494 X258.
479 1427 704 1512 Stipulare
730 1468 765 1476 —
803 1431 990 1512 promittere
1023 1435 1071 1492 est
1105 1453 1143 1494 ex
1178 1431 1281 1494 verbis
1315 1430 1394 1493 iuris

217 1535 402 1616 peritorum.

304 1639 333 1702 X
357 1640 430 1703 260.
467 1638 704 1724 Sequester
725 1641 850 1718 dieitur,
876 1641 930 1724 qui
947 1642 1144 1706 certantibus
1160 1641 1280 1704 medius
1297 1642 1395 1705 inter-

217 1745 320 1821 venit,
355 1746 409 1828 qui
434 1746 517 1827 apud
543 1744 682 1810 Graecos
710 1745 727 1807 ὁ
751 1745 844 1828 μέσος
869 1746 1001 1824 dieitur,
1036 1747 1119 1830 apud
1143 1768 1236 1829 quem
1260 1746 1397 1830 pignora

217 1852 333 1933 deponi
362 1851 483 1926 soieut3
518 1853 599 1934 quod
626 1851 814 1915 vocabulum
849 1853 1049 1936 asequendo
1077 1852 1283 1930 factumest,
1314 1853 1396 1935 quod

217 1957 295 2032 eius,
319 1955 375 2039 qui
399 1956 517 2019 electus
541 1957 592 2033 sit,
618 1962 753 2040 utraque
777 1980 851 2040 pars
874 1958 968 2021 fidem
992 1955 1169 2040 sequatur².

305 2058 351 2122 XI
378 2062 404 2137 l,
431 2061 482 2124 67.
528 2060 689 2125 Dextra
718 2066 850 2124 vocatur
880 2084 899 2123 a
922 2061 1045 2138 dando,
1079 2061 1149 2144 ipsa
1171 2061 1257 2124 enim
1280 2061 1397 2145 pignus

216 2165 304 2246 pacis
328 2165 433 2242 datur,
457 2165 527 2248 ipsa
550 2165 622 2229 fidei
646 2167 738 2230 testis
763 2173 859 2250 atque
882 2166 994 2229 salutis
1012 2167 1201 2241 adhibetur3
1226 2170 1258 2230 et
1273 2166 1333 2229 hoc
1349 2171 1397 2257 est

216 2269 297 2332 illud
330 2271 411 2352 apud
441 2269 617 2335 Tullium³z
649 2273 753 2336 ‘fidem
783 2273 942 2354 publicam
976 2271 1064 2335 iussu
1089 2276 1217 2336 senatus
1241 2271 1332 2348 dedi',
1364 2271 1397 2334 id

217 2379 264 2438 est
289 2375 460 2438 dextram⁴.

305 2479 366 2543 XV
390 2483 419 2559 2,
444 2483 473 2546 8.
520 2479 686 2544 Civitas
721 2481 848 2564 proprie
876 2482 1007 2559 dicitur,
1042 2504 1138 2566 quam
1161 2503 1224 2544 non
1249 2482 1396 2558 advenae,

217 2587 269 2650 sed
295 2586 404 2650 eodem
428 2585 530 2648 innati
554 2585 621 2650 solo
645 2586 857 2650 condiderunt
877 2625 930 2651 -.
980 2588 1031 2652 10.
1057 2586 1313 2668 Municipium
1338 2590 1397 2662 est,

217 2694 300 2775 quod
333 2699 483 2756 manente
517 2695 603 2754 statu
634 2691 775 2755 civitatis
808 2691 858 2754 ius
881 2692 1009 2776 aliquod
1035 2693 1166 2756 minoris
1190 2696 1246 2756 aut
1269 2692 1397 2755 maioris

217 2796 316 2860 officii
340 2820 358 2858 a
381 2797 524 2880 principe
548 2797 708 2880 impetrat.
756 2796 887 2860 Dictum
911 2834 952 2844 —·
973 2797 1135 2874 amuniiS,
1159 2797 1191 2860 id
1208 2803 1256 2860 est
1272 2795 1396 2871 officiis,

217 2902 302 2984 quod
326 2905 452 2964 tantum
477 2903 595 2977 munia,
619 2903 652 2965 id
676 2907 724 2966 est
748 2904 871 2966 tributa
894 2905 1002 2968 debita
1026 2905 1075 2968 vel
1098 2925 1230 2967 munera
1253 2903 1396 2966 reddant.

217 3004 301 3068 Nam
326 3005 473 3068 liberales
497 3010 528 3068 et
551 3007 783 3072 famosissimae
807 3032 919 3072 causae
944 3015 976 3074 et
1000 3031 1080 3093 quae
1103 3031 1140 3073 ex
1158 3007 1299 3092 principe
1322 3028 1395 3090 pro·

217 3111 415 3186 ficiscuntur,
438 3111 483 3173 ibi
508 3133 571 3172 nou
596 3117 747 3194 aguntur.
795 3113 882 3177 Haec
905 3116 989 3178 enim
1014 3116 1053 3178 ad
1070 3115 1259 3199 dignitatem
1283 3113 1394 3175 civita-

217 3222 286 3278 tum
310 3213 497 3298 pertinent⁶.
546 3215 596 3278 11.
622 3213 718 3280 Vici
741 3221 773 3279 et
795 3217 975 3280 castella
998 3222 1030 3280 et
1053 3219 1147 3301 pagi
1170 3218 1193 3279 ii
1209 3221 1294 3294 sunt,
1311 3238 1392 3298 quae

218 3319 308 3382 nulla
336 3319 496 3399 dignitate
526 3319 667 3382 civitatis
697 3324 869 3396 ornantur,
899 3321 951 3383 sed
981 3322 1106 3404 vulgari
1131 3321 1296 3385 hominum
1321 3341 1396 3383 con·

218 3431 317 3490 ventu
339 3425 525 3489 incoluntur
548 3430 580 3489 et
596 3430 726 3508 propter
749 3426 941 3508 parvitatem
958 3425 1007 3489 sui
1023 3425 1197 3490 maioribus
1213 3423 1396 3490 civitatibus

217 3531 447 3594 attribuuntur„

306 3634 367 3698 XV
394 3638 443 3713 12,
461 3637 489 3698 2.
537 3635 763 3720 Tugurium
788 3635 897 3700 casula
920 3640 977 3712 est,
1003 3658 1096 3720 quam
1122 3635 1246 3700 faciunt
1262 3635 1323 3698 sibi
1340 3657 1395 3698 cu·

219 3741 324 3804 stodes
348 3743 512 3805 vinearum
538 3742 576 3804 ad
601 3743 740 3822 tegimen
764 3742 823 3818 sui,
848 3742 940 3824 quasi
956 3741 1143 3824 tegurium?
1170 3776 1206 3784 --
1228 3739 1319 3804 Hanc
1341 3763 1396 3804 ru·

218 3847 290 3909 stici
315 3846 508 3929 capannam⁷
534 3853 658 3924 vocant,
683 3848 765 3930 quod
790 3869 888 3910 unum
912 3851 1037 3910 tantum
1061 3848 1176 3930 capiat.

291 3984 314 4053 l)
331 3983 371 4048 Of.
385 3985 445 4040 Gai.
458 3989 568 4053 1,26.27.
589 4015 623 4025 -
642 3987 668 4051 2)
685 3985 1005 4053 CfiSero.Aea.11,133.
1028 3984 1095 4039 Gell.
1108 3989 1253 4053 20,11‚2.3:
1271 3983 1396 4038 sculnam

219 4070 303 4138 volgo
322 4070 377 4124 dici
396 4072 477 4140 quasi
496 4074 647 4135 seculnam,
666 4092 747 4143 quem
766 4074 815 4142 qui
834 4074 996 4142 elegantius
1016 4104 1046 4114 —
1062 4075 1215 4143 loquuntur
1227 4074 1396 4142 sequestrem

220 4159 377 4228 appellant.
416 4161 572 4231 Utrumque
590 4163 759 4218 vocabulum
780 4181 797 4217 a
817 4163 956 4232 sequendo
975 4161 1082 4217 factum
1103 4164 1153 4224 est,
1171 4161 1243 4230 quod
1263 4159 1329 4218 eius,
1348 4159 1396 4227 qui

222 4247 326 4301 electus
345 4249 389 4309 sit,
411 4251 530 4318 utraque
549 4267 614 4318 pars
634 4250 715 4304 fidem
735 4253 876 4319 sequatur.
913 4249 951 4303 D.
970 4251 1119 4317 50,16,110.
1157 4248 1275 4306 Mutber.
1300 4247 1396 4315 Seque-

219 4339 333 4390 strotion
353 4341 476 4402 §1-15.
503 4367 534 4377 -
564 4339 593 4405 3)
614 4337 677 4405 Cic,
699 4337 777 4395 Catil.
796 4343 821 4400 3,
830 4342 882 4406 4,8.
912 4369 944 4377 —
973 4340 999 4402 4)
1019 4337 1061 4405 Cf.
1081 4335 1153 4389 Sero.
1167 4337 1233 4388 Aen.
1254 4337 1340 4401 3,607.
1364 4365 1396 4373 -—

219 4423 245 4489 5)
266 4423 307 4488 Of.
328 4424 395 4478 Geli.
416 4428 498 4490 16,13.
519 4456 548 4463 -
571 4427 596 4493 6)
619 4425 660 4493 Cf.
682 4426 754 4480 Feci.
774 4427 897 4494 tuguria.
923 4457 955 4465 -
976 4427 1002 4492 7)
1023 4424 1065 4493 Of.
1085 4431 1145 4478 tom.
1166 4423 1224 4475 Iu.
1245 4427 1297 4475 105
1315 4423 1331 4474 l.
1351 4425 1397 4474 19:

219 4511 336 4579 actium)
355 4512 499 4582 kanab(is)
518 4511 661 4583 Iegfionis)
681 4511 748 4567 xm
767 4512 926 4583 gemfinae).
