3400 5254
726 405 866 462 Asconius.
1345 413 1384 479 ῃ

206 587 298 651 tavit.
344 585 436 662 Quod
469 608 540 650 cum
567 583 714 667 improbe
748 583 819 647 fieri
851 583 906 648 0¹
938 581 1012 648 Piso
1042 586 1153 649 consul
1185 587 1388 654 vehementer

207 696 392 776 quereretur
417 687 596 776 [tollique2]
621 689 828 754 tribuniciam
850 689 1109 754 intercessionem
1132 691 1265 769 diceret,
1296 696 1388 780 gravi

206 797 350 860 convicio
372 819 391 858 a
414 795 532 880 populo
556 797 706 877 exceptus
730 798 792 871 est,
815 830 858 840 —
882 794 1065 879 lapidesque
1089 796 1185 860 etiam
1209 819 1247 861 ex
1271 800 1388 863 ultima

208 902 356 966 contione
378 901 412 964 in
437 901 598 964 consulem
622 900 708 978 iacti,
740 921 804 983 qno
827 899 969 964 tumultu
993 899 1158 966 Cornelius
1181 904 1388 986 perturbatus

208 1007 378 1072 concilium
401 1007 547 1070 dimisit.
565 1054 572 1068 .
590 1056 596 1069 .
621 1005 738 1070 Actum
763 1005 876 1068 deinde
899 1005 1008 1069 eadem
1032 1006 1071 1070 de
1092 1027 1126 1070 re
1149 1007 1181 1071 in
1198 1013 1311 1073 senatu
1327 1007 1389 1096 [est

209 1111 350 1196 magnis]
374 1111 643 1175 contentionibus
690 1109 771 1173 Tum
790 1109 955 1175 Cornelius
977 1111 1024 1174 ita
1047 1111 1129 1176 ferre
1154 1110 1295 1198 [rursus]
1316 1136 1387 1179 eoe-

209 1217 268 1302 pit,
291 1237 331 1279 ne
354 1215 425 1299 quis
448 1215 482 1278 in
507 1218 620 1278 senatu
643 1215 767 1300 legibus
791 1214 978 1292 solveretur,
1003 1215 1064 1278 nisi
1090 1214 1155 1301 [00
1178 1238 1242 1281 non
1266 1219 1386 1304 minus]

208 1321 392 1399 adfuissent,
417 1341 497 1383 neve
521 1319 602 1402 quia,
626 1341 697 1384 cum
722 1318 806 1402 [quis
829 1319 876 1382 ita
892 1316 1027 1405 solutus]
1052 1325 1144 1398 esset,
1168 1323 1386 1403 intercederet,

207 1448 279 1491 cum
296 1427 333 1518 de
350 1447 386 1488 ea
401 1447 435 1489 re
454 1422 502 1510 [ad
521 1421 687 1510 populum]
706 1423 852 1488 ferretur.
889 1422 977 1487 Haeo
994 1425 1061 1488 sine
1078 1427 1220 1491 tumultu
1236 1451 1285 1492 res
1303 1430 1388 1512 [aeta

207 1532 279 1616 estl.
325 1531 429 1595 Nemo
453 1530 536 1594 enim
561 1550 678 1614 negare
702 1533 828 1613 poterat
851 1524 909 1614 pro
933 1527 1090 1616 [senatus]
1114 1533 1305 1598 auctoritate
1322 1557 1389 1599 esse

207 1659 276 1702 eam
301 1638 413 1721 legem.
460 1636 661 1718 (56:50.)

298 1739 430 1830 Ali[am]
456 1741 569 1805 deinde
593 1740 695 1824 legem
713 1739 890 1818 Cornelius,
914 1741 974 1804 etsi
989 1761 1082 1806 nemo
1100 1763 1277 1826 repugnare
1294 1766 1389 1810 ausus

208 1854 265 1926 est,
290 1847 400 1911 multis
423 1850 531 1909 tamen
555 1845 666 1908 invitis
689 1844 784 1908 tulit:
808 1849 844 1908 ut
867 1849 1030 1928 praetores
1054 1868 1091 1909 ex
1108 1847 1218 1912 edictis
1234 1849 1299 1912 suis
1315 1873 1387 1932 per·

209 1954 313 2038 petuis
336 1953 387 2015 ius
403 1950 577 2027 dicerent³3
601 1971 682 2034 quae
699 1972 748 2013 res
764 1951 928 2014 cunctam⁴
945 1951 1085 2035 gratiam
1102 1951 1279 2017 ambitiosis
1295 1977 1388 2038 prae·

209 2059 343 2134 toribuS,
368 2057 423 2140 qui
447 2057 534 2122 varie
556 2055 607 2118 ius
630 2053 732 2119 dicere
755 2059 969 2132 assueverant,
992 2056 1136 2122 sustulit.
1183 2060 1242 2137 (58
1265 2089 1296 2111 =
1317 2063 1388 2142 52.)

296 2161 494 2246 Frequenter
524 2166 593 2226 tum
625 2161 720 2224 etiem
753 2164 861 2224 coetus
891 2160 1097 2226 factiosorum
1128 2162 1294 2227 hominum
1321 2165 1388 2228 sine

209 2269 336 2353 publica
369 2268 563 2332 auctoritate
586 2266 671 2332 malo
695 2265 824 2349 publico
847 2265 984 2344 fiebant,
1016 2271 1148 2350 propter
1171 2269 1255 2352 quod
1278 2273 1389 2352 postea

208 2375 343 2459 collegia
374 2395 398 2440 s.
424 2394 450 2437 c.
484 2377 516 2436 et
538 2371 684 2456 pluribus
716 2371 842 2454 legibus
865 2375 941 2436 sunt
964 2371 1109 2450 sublata,
1139 2377 1266 2456 praeter
1288 2397 1389 2457 pauca

208 2485 304 2566 atque
335 2485 436 2557 certa,
469 2501 550 2563 quae
582 2477 706 2542 utilitas
738 2461 886 2540 civitatis
909 2477 1131 2555 desiderasset,
1165 2478 1273 2561 qualia
1295 2481 1387 2542 sunt⁵

208 2587 373 2650 fabrorum
398 2585 620 2668 lictorumque.
666 2587 723 2666 (75
747 2615 775 2636 =
799 2585 867 2664 67.)

531 2757 1063 2824 bummmmmwmm

298 2884 476 2948 Antonium
500 2920 541 2929 -
566 2905 711 2949 censores
734 2921 775 2930 -
793 2888 904 2948 senatu
921 2888 1100 2962 moverunt,
1124 2904 1297 2967 causasque
1312 2883 1388 2967 aub-

210 2991 418 3072 scripserunt,
451 2988 534 3071 quod
568 2990 670 3051 socios
698 2987 878 3071 diripuerit,
913 2989 998 3070 quod
1029 2988 1182 3052 iudicium
1206 2989 1387 3065 recusaritl,

210 3096 294 3179 quod
326 3098 455 3177 propter
488 3091 569 3181 aeris
602 3091 697 3155 alieni
727 3093 981 3176 magnitudinem
1012 3092 1141 3174 praedia
1169 3092 1388 3174 manciparit⁷,

212 3201 357 3283 bonaque
380 3220 437 3262 sua
461 3198 495 3261 in
518 3201 677 3280 potestate
700 3219 764 3260 non
788 3196 932 3262 habeat⁸.
981 3201 1039 3277 (84
1061 3228 1090 3249 =
1115 3199 1183 3280 75.)

281 3357 306 3424 l)
319 3355 338 3408 l.
356 3356 424 3409 libri.
437 3385 470 3394 -
483 3355 510 3419 2)
520 3353 638 3422 tollique
648 3369 696 3406 om.
708 3353 779 3407 libri.
790 3382 826 3393 -
838 3354 865 3422 3)
880 3351 921 3421 Os.
935 3351 993 3406 Dio
1002 3354 1160 3419 36,40(23).·
1178 3353 1217 3415 (Ὁ
1230 3354 1389 3418 Κορνήλιος)

211 3450 310 3500 ἐκεῖνόν
329 3461 358 3496 τε
377 3442 478 3510 (νόμον)
498 3443 701 3508 διενομοθέτησε
720 3446 766 3494 καὶ
786 3445 871 3506 ἕτερον
890 3445 997 3492 τοιάνδε.
1024 3444 1048 3490 οἱ
1066 3445 1206 3508 στρατηγοὶ
1225 3441 1390 3508 (praetores)

210 3537 305 3597 πάντες
331 3535 364 3584 τά
387 3536 475 3583 δίκαια
503 3529 569 3581 καθ’
594 3531 743 3581 άδικάσειν
762 3530 873 3595 ἔμελλον
894 3530 998 3591 αὐτοῖς,
1026 3529 1224 3595 συγγράφοντες
1243 3530 1390 3600 ἐξετίθεσαν

211 3619 397 3686 (οάἰυιετιιυέ)
418 3620 447 3669 οὐ
466 3620 517 3685 γάρ
536 3633 577 3668 rto)
596 3620 679 3668 πάντα
695 3619 727 3668 τά
739 3618 910 3682 δικαιώματα,
930 3616 947 3666 u
960 3619 1017 3680 περὶ
1029 3618 1062 3666 τά
1075 3616 1219 3682 συμβόλαια
1231 3618 1389 3680 διετέτακτο,

211 3713 331 3761 ἐποίουν·
352 3710 412 3758 οὔτε
432 3709 532 3769 ἐσάπαξ
551 3703 618 3755 τοῦτ’
639 3707 752 3765 ἐποίουν,
771 3706 831 3754 οὔτε
846 3706 879 3754 τά
892 3708 1025 3770 γραφέντα
1038 3705 1158 3768 ἐτήρουν·
1177 3703 1249 3754 ἀλλὰ
1261 3704 1391 3766 πολλάκις

213 3797 278 3847 αὐτὰ
306 3797 482 3861 μετέγραφον,
510 3796 556 3844 καὶ
581 3793 661 3858 συχνά
684 3793 813 3858 ἐντούτῳ
833 3793 898 3856 πρὸς
917 3793 1028 3856 χάρινῆ
1048 3796 1094 3842 καὶ
1115 3790 1175 3842 κατ’
1193 3792 1291 3856 ἔχθραν
1310 3797 1390 3854 τινιῖιν,

211 3885 298 3948 ὥσπερ
319 3885 400 3945 εἰκὸς,
420 3883 532 3948 ἐγένετο.
553 3882 701 3946 έσηγήσατο
721 3877 856 3946 (rogavit)
877 3875 922 3929 obv
941 3878 1001 3928 κατ’
1019 3880 1104 3944 ἀρχάς
1123 3896 1151 3930 τε
1163 3880 1242 3940 εὐθὺς
1255 3881 1391 3941 αὐτοὺςτά

192 3975 312 4047 1δίκαια,
332 3967 371 4033 οἷς
389 3973 540 4036 χρήσονται,
559 3969 707 4033 προλέγειν,
726 3971 773 4018 καὶ
792 3970 873 4033 μηδὲν
893 3963 937 4018 ἀπ’
958 3968 1040 4017 αὐτῶν
1053 3971 1232 4031 παρατρέπειν,
1252 3996 1286 4004 -
1305 3967 1332 4033 4)
1353 3966 1392 4018 sic

213 4057 317 4124 Baiter,
337 4073 401 4110 eum
415 4059 465 4109 aut
478 4056 549 4110 liba.
569 4083 602 4092 -
623 4056 650 4124 5)
669 4054 826 4121 Mommsen,
845 4055 925 4122 quasi
939 4055 971 4106 ut
984 4054 1054 4108 libis.
1075 4083 1105 4092 —
1128 4054 1155 4120 6)
1167 4051 1307 4106 recusauit
1320 4052 1390 4105 libri.

213 4171 248 4184 -
267 4145 294 4213 7)
313 4142 489 4212 mancipauit
508 4143 579 4196 libri.
599 4171 631 4182 -
651 4142 679 4212 8)
698 4142 786 4196 habet
799 4142 869 4195 libri.
884 4172 919 4180 -
933 4141 974 4210 Cf.
995 4140 1049 4195 Cic.
1063 4141 1095 4194 de
1107 4147 1175 4195 orat.
1187 4142 1325 4206 2‚55,224:
1343 4138 1391 4191 ubi

215 4235 280 4285 sunt
298 4229 443 4293 bituradi,
469 4229 568 4294 Brute,
587 4246 655 4298 qnos
674 4229 728 4284 tibi
747 4237 829 4299 pater
847 4229 967 4299 publicis
985 4225 1195 4285 commentariis
1212 4224 1392 4294 consignatos

213 4317 351 4388 reliquit?
389 4318 442 4372 Cic.
461 4317 606 4386 prosena
624 4320 763 4383 20,58.59:
782 4317 878 4372 venire
896 4334 991 4372 omnes
1009 4333 1074 4370 suas
1094 4312 1278 4384 possessiones
1297 4315 1326 4366 et
1344 4329 1392 4382 pa·

214 4405 349 4462 trimonio
368 4424 397 4462 se
415 4406 594 4462 ornatissimo
612 4405 729 4473 spoliari
749 4404 852 4458 maluit
872 4403 996 4472 (Sittius)
1014 4418 1099 4472 quarn
1113 4401 1202 4454 ullam
1216 4417 1322 4454 moram
1335 4398 1391 4454 cui-

213 4510 297 4562 quam
318 4495 379 4548 fieri
398 4493 568 4548 creditorum
588 4509 713 4557 suorum;
734 4522 765 4532 -
786 4508 930 4561 nunquam
951 4491 1002 4544 sibi
1022 4488 1218 4559 cognationem
1237 4503 1299 4541 oum
1312 4503 1392 4556 prae-
