3386 5240
682 369 768 438 Leges
786 367 888 436 regiae.
910 373 913 378 '
1342 367 1383 431 13

210 548 361 612 συνειδόσι
380 551 435 632 τὴν
452 547 621 630 προδοσίαν
635 547 730 608 αὐτοῦ
747 545 933 629 δικαστήρια
950 543 1123 630 όβασιλεύς
1136 541 1286 628 (Τύλλος)
1302 542 1384 605 καθ·
1413 615 1415 621 ,

210 654 275 728 ἕσας
309 655 381 726 τοὺς
420 652 552 727 ἁλόντας
580 651 613 729 ἐξ
640 653 742 714 αὐτῶν
765 654 849 714 κατὰ
874 652 926 713 τόν
951 659 1012 713 τῶν
1035 648 1250 714 λειποτακτῶν
1273 669 1306 710 τε
1330 649 1385 710 καί

205 759 366 842 προδοτῶν
391 758 485 843 νόμον
509 757 700 821 ἀπέκτεινεν.

295 866 324 927 5.
364 863 491 927 Tacitus
515 861 724 949 (ακιι.12,8);
759 861 892 926 Addidit
915 860 1065 926 claudius
1087 882 1177 925 sacra
1200 858 1384 944 exlegibus

205 967 291 1032 Tulli
323 969 407 1053 regis
440 967 627 1052 piaculaque
657 970 800 1050 (propter
823 968 974 1031 incestum
1000 967 1116 1045 fratris
1139 970 1165 1029 et
1185 964 1319 1046 sororis)
1341 999 1385 1010 -

205 1095 260 1157 per
284 1073 451 1157 pontifices
475 1072 587 1136 danda.

550 1249 623 1314 IIII.
662 1247 807 1314 Ancus
833 1246 1036 1314 MARCIUS.

297 1392 324 1456 1.
358 1389 470 1454 Livius
488 1389 637 1473 (1‚32‚5):
661 1386 709 1452 Ut
731 1389 849 1463 tamen,
874 1386 1025 1468 quonism
1040 1383 1148 1450 Numa
1170 1388 1203 1450 in
1219 1409 1296 1472 pace
1310 1386 1386 1452 reli-

209 1495 318 1581 giones
350 1495 558 1572 instituisset,
590 1513 665 1556 ase
688 1490 819 1556 bellicae
842 1489 1053 1554 caerimoniae
1074 1491 1296 1574 proderentur,
1329 1513 1386 1556 nec

207 1603 392 1683 gererentur
415 1599 518 1663 solnm
549 1597 603 1662 sed
627 1597 723 1661 etiam
746 1595 962 1660 indicerentur
985 1593 1069 1660 bella
1093 1596 1199 1680 aliquo
1222 1597 1304 1675 ritu,
1336 1597 1386 1660 ius
1464 1679 1466 1684 ,

207 1705 246 1768 ab
283 1703 416 1787 antiqua
447 1707 541 1789 gente
565 1700 766 1786 Aequiculis,
798 1699 882 1783 quod
915 1721 999 1763 nunc
1022 1698 1146 1764 fetiales
1169 1701 1299 1780 habent,
1332 1701 1386 1765 de-

208 1808 345 1891 scripsit,
370 1829 433 1891 quo
457 1829 506 1872 res
530 1807 752 1890 repetuntur.1

509 1981 550 2046 V.
586 1981 858 2058 TARQUINIUS
881 1979 1070 2047 Priscus,

267 2189 273 2201 ,
297 2125 324 2189 1.
362 2123 465 2190 Cicero
490 2124 540 2205 (de
555 2144 619 2204 rep.
636 2122 805 2207 2,2o‚35):
830 2121 1036 2206 Tarquinius,
1060 2159 1101 2168 —
1125 2126 1162 2185 nt
1186 2122 1223 2185 de
1246 2143 1303 2184 suo
1325 2119 1387 2182 im·

206 2230 293 2312 perio
316 2230 420 2315 legem
449 2229 533 2306 tulit,
557 2227 713 2312 principio
737 2226 912 2310 duplicavit
936 2227 1164 2310 —pristinum
1182 2230 1310 2309 patrum
1325 2246 1387 2286 nu-

207 2356 338 2414 merum,
375 2339 406 2398 et
431 2333 580 2416 antiquos
604 2337 710 2416 patres
733 2331 901 2396 ‘maiorum
925 2327 1080 2418 gentium'
1103 2328 1285 2412 appellavit,
1309 2349 1387 2412 quos
1472 2341 1475 2346 '

207 2439 327 2523 priores
351 2438 541 2502 sententiam
564 2437 708 2523 rogabat,
734 2460 752 2500 a
775 2459 808 2501 se
833 2437 970 2500 adscitos
991 2433 1200 2498 ἰιιὶυοτιιιυὶ2

295 2545 324 2609 2.
356 2543 453 2607 Diorr.
478 2541 674 2626 (3,61,62):³
700 2541 728 2602 ol
750 2539 893 2626 πρέσβεις
918 2541 990 2622 (τὼν
1016 2537 1200 2624 Τυρρηνῶν)
1225 2576 1267 2584 -
1287 2546 1387 2620 παρῆ-

209 2668 265 2710 σαν
290 2685 333 2695 -
349 2647 496 2730 φέροντες
512 2683 555 2692 -
569 2648 609 2708 τὰ
625 2645 768 2730 σύμβολα
791 2655 846 2729 τῆς
862 2644 1041 2730 ἡγεμονίας,
1069 2647 1113 2718 οἷς
1129 2643 1284 2726 ἐκόσμουν
1301 2643 1388 2705 αὐτοὶ

208 2757 279 2828 τοὺς
313 2751 481 2836 σφετέρους
514 2749 666 2836 βασιλεῖς,
699 2751 880 2834 κομίζοντες
913 2749 1064 2834 στέφανόν
1102 2771 1135 2812 τε
1170 2747 1303 2832 χρύσεον
1335 2747 1389 2808 καλ

207 2859 322 2941 θρόνον
353 2857 549 2940 ἐλεφάντινον
582 2858 636 2918 καὶ
671 2865 832 2939 σκῆπτρον
865 2857 955 2920 ἀετόν
987 2859 1060 2940 έχον
1085 2855 1134 2918 ἐπὶ
1157 2865 1212 2938 τῆς
1235 2851 1388 2936 κεφαλῆς,

209 2963 324 3047 χιτῶνά
347 2985 382 3026 τε
406 2970 586 3046 πορφυροῦν
609 2962 809 3046 χρυσόσημον
834 2963 887 3024 καὶ
910 2960 1109 3046 περιβόλαιον
1126 2966 1307 3042 πορφυροῦν
1322 2979 1389 3019 ποι-

210 3067 305 3132 κίλον.
328 3106 371 3115 -
406 3067 541 3141 Ταύταις
573 3076 640 3142 ταῖς
663 3075 764 3150 τιμαῖς
787 3067 803 3130 ό
828 3066 1003 3150 Ταρκύνιος
1028 3068 1087 3130 ούκ
1111 3065 1206 3138 εὐθὺς
1230 3063 1388 3147 ἐχρήσατο

209 3172 324 3260 λαβὼν,
350 3174 392 3248 ὡς
416 3173 444 3236 οἱ
467 3173 607 3236 πλεῖστοι
630 3173 786 3256 γράφουσι
804 3183 865 3237 τῶν
881 3171 1069 3256 Ῥωμαύκῶν
1086 3167 1302 3252 συγγραφέων,
1320 3163 1390 3228 ἀλλ’

210 3279 347 3352 ἀποδούς
378 3287 417 3361 τῇ
451 3299 485 3340 τε
518 3277 615 3364 βουλῇ
650 3280 704 3341 καί
731 3286 774 3362 τῷ
800 3278 888 3363 δήμῳ
916 3283 972 3362 τὴν
997 3278 1173 3360 διάγνωσιν,
1207 3275 1236 3336 εἴ
1256 3269 1389 3355 ληπτέον

210 3382 298 3463 αύτοό,
323 3382 433 3466 ἐπειδὴ
457 3392 533 3444 πᾶσι
556 3381 755 3468 βουλομένοις
777 3385 825 3466 ἠν,
849 3383 919 3444 τότε
942 3379 1163 3464 προσεδέξατο.

283 3573 309 3643 1)
330 3573 371 3642 Cf.
391 3573 438 3642 lep.
461 3573 530 3626 Tull.
544 3572 621 3629 Hert.
634 3577 657 3625 1.
677 3601 710 3610 —
729 3571 756 3642 2)
778 3571 820 3640 Of.
839 3569 901 3624 Lin.
920 3572 1013 3634 1,35‚6.
1043 3569 1125 3624 Dior.
1145 3571 1213 3637 3,67.
1232 3596 1266 3608 -
1285 3566 1312 3634 3)
1331 3565 1391 3635 (Le-

212 3661 274 3731 gati
298 3661 479 3716 Etruscorum
504 3660 624 3714 aderant
651 3661 770 3714 ferentes
797 3657 922 3726 insignia
941 3658 1077 3728 imperii,
1105 3656 1205 3726 quibus
1232 3651 1285 3724 ipsi
1312 3668 1392 3721 reges

212 3765 277 3804 suos
293 3747 443 3812 ornabant,
472 3749 618 3817 portantes
639 3763 770 3803 coronam
795 3761 918 3810 auream,
943 3746 1044 3800 sellam
1064 3745 1224 3806 eburneam,
1252 3741 1392 3808 sceptrum

211 3835 307 3904 aquila
326 3834 355 3888 in
375 3835 468 3904 cupite
486 3836 632 3899 ornatum,
659 3833 786 3888 tunicam
804 3849 977 3902 purpuream
1003 3849 1071 3888 auro
1090 3830 1267 3892 distinctam,
1293 3828 1392 3894 togam

210 3931 381 3992 pnrpuream
406 3921 519 3990 pictam.
557 3921 727 3988 Tarquinius
751 3923 850 3976 tamen
874 3921 918 3974 his
943 3920 1096 3976 honoribus
1124 3935 1180 3973 non
1204 3914 1303 3969 statim
1327 3927 1392 3965 usus

182 4065 185 4074 ,
213 4013 267 4074 est,
295 4013 328 4066 ut
346 4010 472 4081 plerique
499 4011 665 4082 scriptorum
683 4010 875 4066 Romanorum
895 4009 1022 4072 tradunt,
1043 4007 1091 4062 sed
1109 4006 1222 4060 senatus
1240 3998 1392 4072 populique

216 4097 334 4154 arbitrio
351 4097 527 4167 permittens,
550 4115 586 4152 sn
606 4097 758 4168 recipiendi
776 4097 893 4152 honores
906 4099 1006 4159 essent,
1024 4097 1085 4149 tum
1099 4093 1211 4148 demum
1223 4107 1285 4144 oum
1299 4103 1392 4143 omnes

213 4185 418 4240 consensissent
439 4203 484 4240 eos
503 4185 630 4255 accepit.)
667 4185 762 4239 Etiam
782 4184 851 4238 XII
865 4185 970 4238 lictores
984 4182 1068 4236 Dr'orr.
1086 4181 1130 4234 hic
1146 4179 1237 4247 refert,
1256 4191 1322 4244 quos
1338 4175 1393 4227 ium

212 4291 230 4328 α
248 4274 364 4329 Romulo
391 4279 510 4342 sumptos
528 4289 582 4328 esse
599 4273 659 4326 Dio.
678 4275 749 4340 1,8,2
768 4278 793 4326 et
812 4272 886 4326 Plus.
907 4269 984 4326 Rom.
1003 4273 1039 4324 26
1056 4267 1175 4322 tradunt.
1214 4264 1254 4332 Of.
1276 4262 1393 4327 Rubico,

213 4361 247 4416 R.
266 4360 336 4429 Verf.
355 4363 414 4414 396.
