3400 5254
270 329 312 390 28
808 325 913 380 Festus.

268 506 307 570 F.
331 509 408 568 234.
455 501 629 566 Privato
652 509 782 586 sumptu
804 525 837 567 se
853 504 982 568 alebant
998 505 1115 570 milites
1134 505 1271 572 Romani
1287 530 1388 591 paene
1408 509 1450 572 ad

267 609 300 672 id
323 613 458 691 tempus,
483 629 545 692 quo
570 605 671 670 Roma
695 613 787 691 capta
812 613 860 673 est
883 632 902 672 a
925 609 1034 674 Gallis.
1082 617 1117 674 P.
1142 616 1218 679 235.

268 713 416 778 Prinos
439 714 609 798 privasque
633 713 758 797 antiqui
782 713 928 778 dicebaut
948 737 1006 798 pro
1023 715 1172 800 singulis;
1197 717 1237 780 ob
1258 739 1354 801 quam
1370 741 1445 782 oau-

266 841 335 883 sam
359 822 391 882 et
415 819 558 901 ‘privata'
583 818 743 896 dicuntur,
767 841 848 902 quae
870 820 1117 905 uniuscuiusque
1133 822 1214 898 sint;
1239 823 1314 887 hinc
1332 827 1363 888 et
1379 825 1448 906 pri·

268 925 419 1010 vilegium
444 928 476 986 et
498 923 643 1006 privatus
668 930 737 988 cell.
784 927 819 988 P.
843 929 925 988 226.

268 1029 478 1094 Probrum
500 1028 633 1112 virginis
658 1027 799 1093 Vestalis
823 1034 859 1092 ut
883 1031 986 1112 capite
1009 1031 1185 1113 puniretur,
1212 1033 1270 1110 vir,
1296 1033 1352 1118 qui
1378 1055 1447 1098 eam

268 1136 495 1212 incestavisset,
521 1135 706 1198 verberibus
730 1135 925 1212 necaretur¹,
949 1135 1010 1214 lex,
1034 1135 1098 1200 fixa
1113 1137 1146 1200 in
1163 1139 1246 1204 atrio
1262 1139 1446 1216 Libertatis,

267 1263 339 1304 crim
359 1241 472 1304 'multis
496 1241 555 1303 elis
579 1240 703 1324 legibus
726 1239 871 1304 incendio
894 1246 1082 1324 consumpta
1105 1248 1163 1320 est,
1188 1248 1224 1306 ut
1245 1245 1291 1308 ait
1308 1231 1351 1308 M.
1370 1243 1448 1308 Cato

266 1347 300 1408 in
325 1345 536 1422 sacratione,
561 1367 624 1428 qua
647 1345 686 1408 de
709 1345 885 1427 auguribus
908 1345 1104 1410 inscribitur.
1152 1349 1192 1412 F.
1216 1353 1292 1412 241.

268 1451 356 1515 ‘Pro
380 1473 470 1516 cens
482 1473 502 1512 u
527 1449 637 1514 classis
654 1450 825 1513 iuniorum'
850 1447 915 1514 Ser.
932 1450 1056 1515 Tullius
1080 1474 1151 1516 cum
1168 1452 1249 1515 dixit
1264 1453 1297 1516 in
1314 1453 1448 1536 discrip-

266 1558 355 1620 tione
378 1555 611 1632 centuriarum,
643 1555 743 1638 accipi
767 1555 861 1618 debet
885 1556 927 1619 ‘in
951 1559 1066 1634 censu',
1091 1562 1128 1621 ut
1150 1557 1196 1620 ait
1219 1555 1261 1620 M.
1287 1557 1392 1620 Varro
1415 1558 1450 1620 in

269 1663 288 1725 l.
312 1659 359 1725 Vl
382 1683 486 1726 rerum
511 1661 742 1738 humanarum,
773 1661 867 1724 sicuti
898 1681 956 1744 pro
981 1662 1056 1725 aede
1079 1661 1230 1740 Castoris,
1264 1684 1321 1744 pro
1345 1661 1449 1725 tribu·

268 1766 342 1844 nali,
368 1787 425 1849 pro
448 1765 643 1828 testimonio.
691 1766 730 1829 F.
751 1771 832 1829 246.

267 1871 418 1936 Procin
431 1873 497 1934 cta
520 1869 654 1954 clas[sis
670 1871 837 1934 dicebatur
853 1873 1013 1936 exercitus
1029 1871 1084 1954 ud]
1102 1871 1257 1954 proelium
1273 1872 1448 1936 instructus

265 1981 299 2040 et
314 1973 490 2059 papatum,
514 1997 605 2058 quem
623 1975 719 2040 Diali
733 1976 862 2055 dormibi
878 1975 998 2059 addere
1014 1999 1077 2040 non
1094 1975 1185 2040 licet:
1205 1977 1348 2058 ant[iqdi
1366 1977 1447 2041 enlm

261 2083 463 2162 procinctum
486 2081 655 2162 bominem]
681 2080 840 2158 dixerunt,
865 2085 901 2144 ut
916 2103 1000 2144 nunc
1016 2103 1143 2166 quoque
1167 2083 1307 2166 [dicitur²
1333 2084 1389 2163 qui
1405 2083 1452 2146 od

266 2187 424 2263 inpendunt
448 2186 628 2268 expediltus
652 2189 709 2249 est.
756 2183 925 2250 Procincta
948 2191 1054 2250 autem
1080 2185 1165 2273 [dopo
1189 2186 1328 2251 Rotnani
1355 2185 1446 2270 olim]

267 2291 305 2353 ad
331 2312 470 2374 pugnam
500 2291 547 2354 ire
577 2287 682 2374 solit[i
707 2297 801 2368 arium
832 2293 916 2355 uode
943 2297 973 2354 et
995 2289 1202 2376 testamen]ta
1225 2291 1257 2354 in
1281 2291 1448 2373 procinctu

267 2397 335 2460 fieri
361 2394 536 2482 [dicantem
560 2397 636 2478 quio
659 2401 733 2458 octe
754 2416 897 2476 puppam
919 2396 1026 2478 dunt}
1066 2397 1106 2461 F.
1128 2401 1205 2461 249.
1253 2394 1449 2460 Procinc-

266 2504 346 2564 tam
369 2499 509 2574 classem,
535 2500 641 2563 idest
664 2504 808 2583 paratam
834 2501 874 2564 ad
896 2500 1017 2565 bellum
1042 2500 1180 2566 militum
1197 2501 1450 2572 multitudinem.

264 2607 352 2670 Diali
376 2606 497 2670 flamini
524 2606 628 2669 videre
653 2628 717 2669 non
743 2605 845 2670 licuit.
892 2606 926 2668 P.
951 2611 1028 2672 248.

267 2710 496 2774 Procincta
525 2711 635 2774 classis
659 2709 837 2787 dicebatur,
871 2732 940 2774 cum
966 2712 1122 2775 exercitus
1144 2709 1266 2773 cinctus
1289 2717 1358 2774 erat
1378 2710 1445 2774 Ga·

266 2816 342 2878 bino
367 2814 471 2877 cinctu
496 2813 663 2878 confestim
688 2820 907 2900 pugnaturum
943 2815 1115 2880 vetustius³
1142 2817 1224 2880 enim
1249 2815 1312 2879 fuit
1336 2815 1447 2880 multi-

266 2921 409 2984 tudinem
433 2919 607 2996 hominem,
632 2943 727 3004 quam
754 2922 897 2998 navium,
918 2921 1049 2986 classem
1074 2921 1238 3005 appellari.
1286 2919 1321 2984 P.
1346 2924 1423 2984 225.

267 3025 482 3090 Procitum
499 3028 725 3088 testamentum
742 3025 905 3089 dicebatur
921 3026 1009 3090 velut
1021 3025 1207 3108 procitum⁴,
1225 3028 1444 3107 provocatum,

265 3130 295 3192 id
313 3135 361 3194 est
376 3131 556 3194 irritumac
574 3134 715 3213 ruptum.
743 3130 776 3195 P.
795 3135 873 3194 225.
899 3130 969 3211 (Of.
984 3131 1018 3194 P.
1031 3134 1140 3194 2251).
1155 3127 1301 3192 Procit
1312 3149 1330 3190 a
1341 3151 1362 3190 n
1374 3126 1410 3210 t.)

266 3234 444 3298 Procum
468 3235 636 3318 patricium
662 3235 694 3297 in
720 3235 926 3318 discriptione
950 3235 1125 3312 classium⁶,
1158 3256 1253 3318 quam
1277 3232 1353 3298 fecit
1377 3231 1442 3297 Ser.

266 3339 400 3418 Tullius,
425 3336 586 3424 significat
602 3363 784 3423 procerum;
812 3341 839 3404 i6
863 3341 948 3404 enim
964 3345 1039 3404 sunt
1055 3341 1222 3424 principes.
1256 3338 1339 3402 Nam
1357 3339 1444 3422 proci

264 3446 422 3524 dicuntur,
447 3447 502 3529 qui
524 3451 659 3529 poscunt
683 3447 824 3529 aliquam
849 3446 880 3508 in
899 3447 1149 3522 matrimonium,
1175 3441 1292 3507 Graece
1309 3453 1445 3526 μνηστῇυ

266 3551 345 3632 ρεςῚ.
391 3551 451 3614 Est
474 3550 557 3614 enim
580 3573 711 3634 procare
736 3573 874 3645 poscere,
899 3555 935 3614 ut
958 3573 1029 3616 cum
1054 3551 1169 3614 dicitur
1190 3549 1223 3611 in
1244 3549 1346 3612 iudice
1370 3571 1444 3613 con·
1506 3561 1509 3568 '

268 3703 416 3712 ,--,.....--.
423 3703 475 3708 .....-

336 3793 361 3860 l)
380 3792 569 3859 Liv.22,57‚2:
591 3793 662 3846 duae
678 3792 804 3847 Vestales
818 3781 849 3848 eo
863 3809 937 3847 anno
956 3794 993 3860 (u.
1008 3811 1030 3846 c.
1040 3795 1108 3854 538),
1130 3792 1242 3861 Opimia
1258 3795 1287 3846 et
1301 3791 1445 3854 Floronia,

263 3879 356 3948 stupri
375 3880 540 3948 compertae,
562 3880 655 3932 altera
674 3877 725 3931 sub
747 3883 833 3943 terra,
853 3881 886 3932 ut
904 3895 963 3934 mos
981 3881 1031 3943 est,
1051 3878 1087 3932 ad
1106 3881 1219 3948 portam
1238 3876 1378 3932 Collinam
1398 3893 1445 3931 ne·

265 3969 337 4030 eata,
357 3967 451 4020 altere
469 3967 580 4021 sibimet
599 3968 661 4035 ipsa
681 3969 799 4022 mortem
818 3966 1001 4021 consciverat.
1038 3965 1068 4019 L.
1085 3964 1223 4018 Cantilius
1242 3963 1333 4019 scriba
1350 3964 1447 4033 ponti·

249 4045 353 4118 ‘ficium
383 4053 431 4122 qui
456 4071 517 4107 eum
539 4053 669 4110 Floronia
687 4057 815 4124 stuprum
836 4055 953 4114 fecerat,
982 4053 1148 4122 apontifiee
1166 4053 1288 4108 maximo
1307 4069 1339 4108 eo
1358 4069 1445 4122 usque

266 4142 352 4210 virgis
369 4141 400 4194 in
421 4141 533 4196 comitio
552 4159 647 4195 caesus
668 4144 717 4204 est,
739 4144 770 4195 ut
788 4141 864 4195 inter
884 4141 1001 4195 verbera
1019 4139 1169 4208 expiraret.
1207 4139 1249 4207 Of.
1269 4139 1342 4192 Suet.
1363 4139 1444 4192 Dom.

261 4233 323 4283 Set
341 4230 416 4298 infra
434 4247 458 4284 o.
472 4227 636 4284 Sceleratus.
657 4261 687 4269 —
707 4231 734 4296 2)
756 4227 798 4297 Of.
818 4245 903 4296 supra
923 4245 946 4282 c.
963 4227 1065 4296 Opima
1083 4233 1107 4280 el
1121 4232 1179 4279 *lom
1207 4227 1227 4280 I
1238 4229 1324 4293 1484
1343 4232 1368 4278 et
1384 4243 1411 4292 p.
1428 4229 1446 4278 9

262 4334 290 4368 n.
310 4321 334 4369 1.
355 4347 388 4354 -
406 4318 435 4383 3)
454 4317 591 4370 vetustius
611 4317 644 4382 d,
671 4317 796 4370 uetustus
815 4313 857 4368 M.
879 4345 911 4352 -
939 4316 964 4377 4)
983 4315 1022 4368 sic
1040 4314 1112 4368 libri.
1133 4343 1165 4354 -
1185 4315 1212 4376 5)
1231 4311 1365 4367 ceassium
1385 4312 1443 4366 cod.

265 4434 298 4442 -
317 4405 344 4472 6)
365 4404 392 4458 .i
409 4446 413 4455 .
433 4405 488 4457 cod.
509 4435 542 4443 -
562 4405 589 4473 7)
608 4419 688 4473 grece
741 4399 936 4456 NHCTHPEC
955 4401 1013 4455 eod.
