3400 5250
296 400 361 466 202
738 397 849 452 'Edicta
867 401 1039 466 praetorum.

298 575 382 661 rum)
415 581 529 661 sponte
561 576 600 640 ad
630 573 844 639 dimicandum
877 573 1090 657 profitebitur,
1114 593 1186 636 oum
1211 572 1327 636 haheat
1349 593 1387 637 ex
1410 573 1481 657 lege

296 683 436 766 pretium
457 683 519 746 duo
536 681 636 759 milia,
652 680 809 744 liberatus
825 681 852 743 si
869 678 997 755 diserit⁶
1007 677 1112 761 ³)men
1128 677 1366 754 instauraverit,
1383 677 1480 741 aesti-

298 788 398 852 matio
416 787 495 852 eius
527 791 601 871 post
625 787 685 850 heo
710 783 921 870 (sestertium)
945 781 1010 847 ΧΠ
1036 781 1150 868 (milia)
1175 802 1237 846 non
1263 783 1400 848 excedat.
1447 781 1480 847 Is

298 913 424 976 quoque
442 891 497 976 qui
513 892 618 956 senior
635 895 730 974 atque
746 889 897 954 inabilior
913 911 1042 971 operam
1058 909 1147 952 suam
1164 888 1267 950 denuo
1283 886 1354 968 (⁶⁴)
1371 937 1378 951 .
1397 937 1404 952 .
1424 939 1429 950 .
1449 939 1477 952 ..

573 1069 624 1133 61.
656 1067 719 1132 SC.
745 1066 1058 1142 Orfitianum,
1083 1075 1110 1129 a.
1137 1064 1208 1128 178.

377 1204 427 1276 (D.
446 1207 567 1274 38‚17,1
586 1223 636 1278 pr.
660 1207 739 1263 912.
772 1203 817 1276 Cf.
840 1204 928 1271 Lem
944 1220 1012 1276 pm:
1033 1205 1069 1259 nt
1090 1202 1175 1260 liberi
1197 1202 1233 1260 ad
1256 1202 1332 1261 bona
1349 1203 1479 1260 matrum

298 1301 507 1360 intestatarum
530 1299 745 1368 admittantur,
778 1297 853 1357 soro
875 1297 1018 1357 Orfitiano
1041 1297 1175 1356 effectum
1199 1301 1255 1366 est,
1284 1297 1364 1372 quod
1384 1297 1478 1355 latum
1501 1337 1503 1342 -

297 1399 343 1455 est
363 1395 457 1456 Orfito
483 1401 513 1456 et
533 1397 613 1456 Rufo
634 1416 690 1456 eos.
713 1396 774 1454 divi
796 1395 887 1453 Maroi
909 1394 1100 1468 temporibus,
1147 1395 1281 1454 Codieem
1302 1396 1389 1453 Ftor.
1413 1413 1480 1453 eon-

297 1497 410 1552 stanter
430 1495 556 1552 serr'bere
570 1493 777 1568 Orphitianum
798 1497 897 1550 mouet
909 1492 971 1550 Mo.
983 1526 1020 1533 —
1038 1492 1186 1565 Ulpianus
1208 1494 1226 1551 t.
1247 1491 1322 1549 XII
1337 1492 1377 1550 ud
1396 1491 1481 1550 snor-

298 1607 386 1646 uum:
406 1587 473 1648 Sive
494 1589 625 1666 ingenua
639 1576 707 1648 ¹sive
718 1587 858 1646 libertina
877 1589 971 1644 mater
985 1589 1038 1656 est,
1060 1585 1177 1645 admitti
1196 1591 1320 1662 possunt
1337 1585 1423 1644 libori
1441 1585 1479 1644 ad

297 1681 491 1741 hereditatem
508 1683 573 1742 eius
594 1703 629 1742 ex
650 1681 724 1742 suro
746 1682 928 1756 Orphitiano.
952 1683 1001 1755 -)

386 1830 445 1846 ...
471 1779 505 1844 Si
529 1773 622 1845 nemo
645 1779 786 1846 filiorum
810 1801 968 1856 eorumve,
992 1778 1108 1862 quihus
1132 1779 1229 1844 simul
1254 1780 1399 1865 legitima
1423 1781 1479 1844 he·

298 1883 417 1948 reditas
451 1885 611 1962 defertur,
644 1885 730 1950 volet
761 1886 800 1948 ad
834 1907 866 1950 se
897 1907 967 1948 eam
1000 1883 1209 1949 hereditatem
1240 1887 1408 1969 pertinere,
1431 1885 1481 1949 ius

293 1989 466 2073 antiquum
489 1994 566 2056 este.

378 2094 443 2169 (Ait
463 2093 612 2168 senatum)

322 2241 329 2254 .
355 2241 362 2254 .
390 2243 395 2255 .
422 2213 505 2276 quae
527 2191 667 2256 iudicata
690 2195 853 2256 transacta
876 2192 1008 2256 finitave
1030 2195 1115 2270 sunt,
1140 2197 1211 2256 rata
1234 2198 1384 2256 maneant
1408 2243 1414 2256 .
1434 2242 1465 2256 ..

758 2735 915 2807 CAPUT
943 2736 1004 2806 Vi.

710 2932 736 3010 ε
773 2934 799 3010 o
838 2933 847 3010 ι
887 2932 913 3012 o
952 2933 990 3012 r
1017 2885 1074 3013 Α(

406 3157 456 3222 62.
493 3153 688 3218 Edictum
713 3157 956 3236 perpetuum
981 3156 1202 3237 praetoris
1229 3156 1384 3220 urbani.

721 3291 896 3360 Recognovit
915 3291 946 3346 Ο.
967 3292 1068 3347 harre.

369 3415 478 3469 ‘Edicto
493 3420 665 3482 praetorum,
691 3431 759 3482 quoe
776 3421 928 3481 supersunt,
951 3415 1007 3476 tere
1025 3417 1116 3468 omnia
1135 3415 1287 3470 Iustiniani
1311 3417 1389 3472 tr'brr's
1412 3417 1482 3488 ‹tut-

299 3508 409 3558 ‘storum
427 3503 529 3556 traditu
547 3508 627 3568 sunt5
643 3517 780 3569 perpauca
798 3508 903 3556 tontum
925 3501 1049 3556 Cicerone
1061 3503 1142 3558 Festo
1161 3507 1231 3560 aliis.
1257 3506 1484 3575 Inscriptionihus

300 3591 377 3644 ‘uidet
396 3591 433 3643 od
449 3605 499 3644 uos
514 3591 642 3658 peruenit.
680 3589 716 3642 In
735 3589 856 3658 Dipestr's
874 3595 963 3642 autem
982 3608 1051 3658 quoe
1068 3598 1133 3646 sunt
1151 3593 1237 3646 edicto
1251 3594 1373 3661 plurima
1391 3611 1424 3647 eu
1438 3593 1484 3648 Ut·

300 3679 387 3746 ‘piom'
403 3677 440 3730 od
458 3676 572 3730 edietum
591 3676 667 3729 tibris
684 3683 788 3744 receptu
805 3683 878 3742 sunt,
906 3694 982 3744 quem
1002 3685 1107 3732 constat
1124 3697 1178 3733 uon
1196 3682 1314 3750 pennino
1332 3687 1420 3736 veteru
1437 3683 1485 3736 sed

299 3771 463 3833 ‘perpetuum
481 3764 552 3817 r‘ttud
569 3764 683 3818 edietum
702 3781 755 3819 esse
772 3771 891 3817 secutum
909 3766 985 3818 iussu
999 3765 1142 3820 Hadriani
1158 3785 1175 3820 u
1190 3769 1281 3822 Sutrio
1301 3767 1412 3822 Iuliano
1425 3769 1484 3822 leto

300 3853 482 3919 ‘compositum
502 3892 612 3905 ......
635 3851 840 3919 Deperdrtorum
860 3859 1020 3920 orpumento
1038 3870 1138 3922 mopnu
1156 3856 1261 3923 quidem
1279 3872 1311 3908 eu
1325 3863 1405 3923 porte
1419 3873 1432 3910 e
1444 3857 1483 3909 dr'·

299 3944 386 4011 ‘postte
411 3941 525 4007 altisque
550 3939 626 3992 tibris
645 3939 771 3992 concludi
783 3944 913 4008 possunt·
942 3946 1021 4008 utque
1038 3957 1200 4010 summopere
1224 3943 1275 3995 troo
1293 3944 1325 3996 de
1341 3959 1371 3997 re
1387 3946 1484 3997 meruit

300 4028 471 4097 ‘Rudorffius
500 4029 551 4092 (ed.
568 4043 643 4096 perp.
668 4043 736 4094 quoe
753 4027 856 4094 reliquo
876 4033 946 4080 eunt.
975 4031 1063 4094 1869).
1103 4028 1185 4083 Cuius
1203 4037 1290 4083 tumen
1309 4031 1387 4085 doctu
1405 4047 1482 4084 eonn-

300 4119 384 4170 ‘mtuu
402 4117 479 4169 notur'
496 4117 540 4169 hie
557 4121 672 4183 repetere
691 4116 764 4183 ipsos
776 4121 881 4168 tuntum
894 4115 1040 4169 edictorum
1052 4117 1181 4184 reliquiae
1190 4119 1387 4185 propositurus.
1415 4117 1483 4170 Tou-

300 4203 444 4258 ‘tummodo
468 4209 539 4257 certa
561 4201 730 4270 perditorum
754 4209 913 4272 orpumento
935 4203 1047 4258 breuiter
1064 4205 1184 4259 indicaui
1199 4206 1331 4273 simulque
1348 4207 1484 4259 actionum
1542 4237 1547 4251 ·

301 4293 452 4358 ‘formulas
476 4293 502 4345 si
519 4307 586 4359 quoe
604 4292 737 4352 habemus,
756 4292 786 4344 iu
803 4293 875 4344 notr's
893 4292 986 4345 adieci.
1029 4291 1109 4346 Uneia
1126 4292 1226 4346 metuat
1243 4309 1311 4359 quae
1329 4292 1366 4345 od
1383 4291 1484 4345 intelle·

304 4380 400 4448 ‘penda
419 4379 500 4432 uerbo
517 4378 643 4432 edietulr'a
662 4395 675 4430 e
693 4379 890 4431 commentariis
908 4379 1032 4432 addendo
1050 4379 1144 4444 erunt!
1172 4378 1270 4432 Boura.
1307 4379 1342 4432 Iu
1354 4380 1404 4432 huo
1416 4393 1484 4430 novo

302 4468 383 4522 edicti
400 4469 552 4521 recensione
568 4465 634 4532 fines
653 4467 830 4533 terminosque
847 4482 864 4517 o
884 4465 924 4519 Ol.
950 4466 1013 4519 Viro
1032 4468 1107 4534 operi
1124 4467 1282 4520 constitutos
1302 4466 1380 4519 netur¹
1390 4464 1485 4534 epredi.
