3390 5246
638 1377 758 1460 Plus
786 1376 1012 1461 SECUNDA.

604 1575 1066 1724 nuceria

718 1783 874 1856 CAPUT
905 1785 931 1856 I.
1031 1813 1034 1816 ·

255 2034 256 2038 γ
286 1937 425 2042 recte
443 1960 614 2042 ucrle
643 1957 1013 2161 Rffipffflssssum
1046 1956 1251 2040 cursore
1280 1957 1376 2042 usu

330 2261 441 2332 [Legem
463 2263 496 2314 ut
514 2275 580 2316 suae
599 2261 639 2316 rei
658 2261 750 2330 quivis
768 2265 844 2316 recte
862 2259 930 2318 dicit
954 2261 1032 2331 (Dip.
1050 2265 1208 2329 23‚4‚20,1)‚
1237 2261 1280 2315 ita
1298 2262 1418 2332 populus

236 2366 350 2420 quoque
374 2348 419 2401 vel
436 2347 552 2416 quaevis
571 2366 615 2404 res
635 2349 749 2420 publica
768 2349 804 2404 ad
822 2349 918 2420 populi
938 2349 1155 2404 similitudinem
1174 2349 1344 2412 constituta.
1373 2368 1418 2406 ne·

237 2436 371 2508 'quesere
390 2435 476 2492 dictio
494 2453 528 2491 ea
549 2455 567 2492 a
586 2437 702 2508 privata
720 2437 825 2494 recedit
845 2433 899 2492 nisi
917 2437 947 2491 in
967 2437 1050 2490 rebus
1069 2435 1208 2491 communi
1225 2452 1338 2492 sacroue
1357 2437 1419 2491 usui

240 2524 399 2582 destinatis.
436 2525 509 2580 Nam
534 2541 606 2595 quae
631 2525 730 2597 populi
753 2529 819 2580 sunt
842 2526 887 2580 vel
907 2524 1019 2594 collegii
1039 2523 1196 2593 corporisve
1215 2521 1418 2593 cuiuscumque,

236 2611 276 2666 iis
300 2613 461 2682 saepissime
488 2613 641 2668 secundum
669 2616 761 2668 certas
784 2615 863 2683 leges
889 2615 940 2667 aut
964 2629 1060 2668 omnes
1086 2613 1281 2666 utunturaut
1304 2611 1419 2682 aliquod

242 2700 387 2760 hominurn
413 2717 516 2770 genum
543 2701 573 2756 id
599 2701 675 2770 quod
700 2701 768 2756 iuris
787 2701 894 2771 privati
912 2701 980 2756 fines
998 2699 1114 2756 excedit.
1152 2699 1306 2770 Supersunt
1324 2703 1419 2769 autem

242 2807 298 2846 non
317 2807 407 2860 pauca
426 2789 484 2844 eius
504 2791 614 2858 generis
635 2790 833 2852 instrumenta.
852 2806 924 2859 quae
943 2807 1005 2844 cum
1024 2787 1060 2844 ad
1075 2789 1148 2844 hane
1160 2789 1289 2858 syllogen
1307 2787 1420 2844 omnino

238 2877 411 2946 pertineant,
440 2895 495 2946 quo
518 2878 576 2934 loco
596 2879 771 2949 potissimum
790 2878 965 2934 collocentur
983 2876 1110 2932 dubitari
1128 2880 1235 2946 potest;
1263 2873 1311 2931 sed
1329 2877 1420 2946 magis
1475 2888 1477 2898 ·

239 2963 359 3032 placuit,
383 2967 415 3018 ut
438 2964 513 3020 inter
532 2965 646 3034 privata
665 2965 858 3019 instrumenta
875 2965 1062 3028 retenentur,
1089 2981 1151 3018 cum
1172 2981 1205 3017 ca
1223 2981 1331 3034 quoque
1349 2981 1420 3034 quae

240 3051 339 3121 populi
363 3054 430 3104 sunt
453 3067 546 3105 essere
572 3051 704 3106 videntur
728 3069 784 3122 non
810 3054 869 3106 tam
890 3069 907 3106 a
924 3052 1039 3121 publico
1058 3051 1121 3106 iure
1137 3053 1282 3122 pendeant
1299 3069 1384 3121 quam
1404 3069 1421 3105 a

238 3141 282 3192 rei
302 3137 432 3194 dominio.
470 3139 502 3192 Id
521 3139 678 3194 luculenter
703 3138 828 3194 ostendit
853 3139 929 3192 inter
949 3139 1007 3193 alia
1026 3139 1071 3193 lex
1091 3138 1167 3193 inira
1184 3139 1263 3193 edita
1282 3139 1335 3192 vici
1354 3136 1420 3192 Fur·

239 3225 378 3288 fonensie3
408 3243 472 3279 narn
494 3226 569 3280 vicus
594 3243 655 3281 cum
675 3225 735 3280 iure
754 3227 866 3296 publico
888 3227 1014 3296 collegiis
1038 3226 1237 3295 aequiparetur
1256 3242 1345 3296 neque
1362 3243 1420 3280 rem

238 3313 383 3383 publicam
402 3313 506 3369 habeat
525 3313 579 3368 nisi
597 3331 630 3370 es
649 3314 774 3378 ratione,
802 3332 860 3384 qua
877 3315 946 3369 item
965 3313 1075 3383 corpori
1096 3312 1258 3382 cuicumque
1270 3313 1420 3377 tribuitur,

242 3400 315 3456 hanc
334 3401 425 3470 legem
437 3401 579 3471 privatam
593 3419 651 3457 esse
662 3401 790 3457 dubitari
803 3420 860 3459 non
872 3404 974 3472 potest,
995 3403 1034 3456 lta
1049 3404 1144 3456 autern
1159 3401 1204 3455 lex
1216 3417 1246 3454 re
1260 3418 1315 3456 non
1327 3399 1422 3456 differt

238 3507 259 3542 a
279 3487 341 3557 lege
358 3506 444 3556 quarn
462 3489 581 3558 populus
601 3488 743 3544 Romanus
762 3487 835 3542 dixit
855 3487 916 3542 viae
938 3487 1046 3557 Appiae
1066 3489 1095 3542 et
1113 3487 1227 3558 Appiae
1246 3503 1344 3556 aquae.
1370 3489 1422 3544 Ac·

237 3575 313 3632 cedit
331 3575 405 3645 quod
423 3575 492 3630 haec
510 3576 604 3645 legum
623 3575 709 3631 dictio
728 3593 901 3646 quamquam
921 3577 983 3631 iure
1003 3575 1040 3630 ud
1060 3577 1200 3646 populum
1213 3579 1324 3646 spectat
1334 3592 1423 3646 neque

237 3663 357 3718 dubium
380 3665 422 3717 est
444 3664 529 3732 ‘leges
553 3665 587 3720 dc
605 3664 725 3734 singulis
750 3664 830 3737 aquis
848 3663 934 3719 lata's'
954 3663 1085 3720 Frontini
1106 3663 1152 3732 (de
1174 3663 1252 3733 aquis
1271 3664 1318 3734 94)
1336 3664 1421 3719 intel·

243 3753 299 3820 legi
322 3751 448 3822 publicas
471 3751 568 3824 populi
593 3752 727 3816 Romani,
757 3769 958 3823 saepenumero
988 3751 1130 3822 perficitur
1156 3752 1255 3807 edictis
1273 3753 1423 3822 magistra·
1448 3769 1449 3774 ¹

236 3841 321 3894 tuum
348 3831 406 3894 sive
429 3839 526 3909 populi
552 3839 587 3894 de
612 3857 646 3894 ea
672 3859 701 3896 re
727 3841 803 3895 iussu
832 3842 890 3894 sive
910 3857 962 3894 sua
980 3832 1125 3910 potestate
1141 3855 1203 3893 ram
1222 3840 1422 3898 ordinantium.

244 3927 367 3996 Denique
390 3927 532 3981 multoties
556 3927 615 3982 eius
634 3929 743 3998 generis
761 3929 1052 4005 instrumenta-quae
1071 3927 1108 3981 ad
1129 3945 1178 3982 nos
1200 3933 1424 4000 peruenerunta

237 4031 365 4085 quonam
382 4014 591 4084 proficiscantur
610 4033 710 4085 parum
728 4019 856 4086 apparet,
875 4016 904 4069 id
923 4016 996 4084 quod
1021 4016 1098 4070 cadit
1117 4015 1192 4070 inter
1221 4017 1293 4070 alias
1305 4017 1335 4070 in
1348 4017 1424 4086 leges

239 4101 454 4172 antiquissimas
470 4101 540 4156 duas
553 4101 718 4160 Luceriuam
728 4103 962 4174 Spoletinamque
993 4103 1096 4174 Itaque
1114 4103 1290 4159 haecomnia
1307 4120 1337 4158 re
1350 4107 1424 4158 certe

241 4191 390 4247 coniuncta
409 4192 459 4247 hoc
477 4190 570 4263 capite
587 4193 725 4263 proposui.
754 4192 911 4247 Potuerunt
933 4189 1001 4246 addi
1025 4190 1120 4246 edicto
1137 4191 1258 4260 Augusti
1277 4190 1310 4244 de
1323 4207 1424 4259 aquae·

243 4279 329 4332 ductu
338 4277 502 4352 Venafrano
520 4285 615 4350 (supra
635 4298 662 4334 n.
683 4281 729 4348 73)
748 4282 777 4336 et
796 4277 889 4353 ipsum
903 4279 1059 4335 conditoris
1072 4279 1164 4346 magis
1178 4278 1238 4332 iure
1251 4277 1422 4346 propositum

240 4383 328 4434 quam
347 4366 479 4438 principis
498 4370 527 4422 et
546 4367 574 4438 L.
594 4366 681 4425 Sentii
700 4367 837 4440 praetoris
856 4365 895 4420 de'
909 4384 1008 4436 campo
1024 4365 1170 4436 Esquilino
1188 4365 1285 4434 (supra
1304 4381 1330 4416 n.
1343 4363 1422 4432 ·l‘2·);

241 4452 292 4506 sed
310 4469 344 4508 ea
361 4457 452 4524 magis
472 4454 563 4510 visum
580 4457 623 4510 est
642 4455 706 4508 aliis
724 4455 865 4524 capitibus
885 4453 1053 4524 relinquere.
1096 4455 1145 4508 Ta.
1168 4453 1214 4525 ll]

1163 4539 1218 4594 17*
