3358 5244
290 365 309 428 6
826 364 932 419 Festus.

288 541 557 624 consponsor
580 542 778 606 coniurator.
828 542 865 606 P.
890 546 942 606 59.

289 646 551 728 Consposos
575 647 701 730 antiqui
725 646 874 710 dicebant
897 647 959 712 fide
982 653 1095 712 mutua
1118 651 1308 734 conligatos.
1355 650 1395 714 P.
1419 657 1470 714 41.
1551 705 1555 710 ,

289 754 558 816 Contestari
587 753 677 817 litem
701 753 853 818 dicuntur
875 755 939 818 duo
963 759 1019 818 aut
1044 755 1151 837 plures
1175 756 1360 834 adversarii,
1385 758 1473 840 quod

288 858 435 921 ordinato
458 857 573 922 iudicio
597 861 734 940 utraque
749 881 823 941 pars
840 859 943 947 dicere
959 859 1055 923 solet:
1081 861 1202 925 ‘Testes
1218 863 1339 924 estote'.
1367 861 1405 925 P.
1418 865 1472 925 57.

289 963 510 1027 contestari
534 969 592 1041 est,
616 985 690 1028 curn
706 969 842 1048 uterque
857 988 929 1028 reus
946 966 1039 1030 dicit:
1064 963 1185 1029 ‘Testes
1202 967 1325 1030 estote'.
1364 967 1402 1030 P.
1419 969 1471 1032 38.

288 1067 445 1132 Contio
475 1068 637 1152 significat
659 1074 871 1147 conventum,
902 1091 966 1134 non
992 1075 1099 1135 tamen
1122 1071 1236 1149 alium,
1269 1093 1365 1155 quam
1389 1093 1472 1146 eum,

289 1173 345 1256 qui
368 1173 402 1236 a¹
427 1173 618 1258 magistratu
645 1174 692 1238 vel
717 1197 737 1237 a
759 1175 921 1238 sacerdote
945 1174 1090 1258 publico²
1114 1197 1170 1259 per
1185 1197 1372 1260 praeconem
1396 1198 1473 1240 con-

290 1281 430 1342 vocatur.
477 1280 515 1343 P.
540 1283 592 1344 38.

290 1383 592 1448 Contrarium
616 1407 679 1462 aes,
704 1408 803 1469 grave
827 1409 889 1451 aes.
937 1389 976 1452 P.
1002 1394 1052 1452 64.

290 1488 556 1554 Conventae
587 1492 798 1556 condicio
831 1493 1009 1570 dicebatur,
1044 1516 1115 1558 cum
1139 1494 1267 1583 primus
1298 1515 1401 1558 sermo
1434 1494 1474 1557 de

289 1595 410 1678 nuptiis
433 1600 465 1658 et
487 1611 596 1658 earum
620 1597 803 1662 condicione
826 1599 1016 1664 habebatur.
1065 1601 1101 1664 P.
1119 1605 1171 1666 62.

289 1699 558 1764 Conventus
592 1707 747 1785 quattuor
778 1705 880 1768 modis
910 1705 1127 1790 intellegitur:
1163 1745 1201 1754 -
1227 1705 1326 1769 tertio
1358 1727 1429 1769 cum
1455 1727 1474 1768 a

291 1805 533 1888 magistratibus
556 1807 666 1898 iudicii
690 1829 785 1872 cansa
808 1809 946 1893 populus
970 1817 1195 1896 congregatur.
1245 1811 1281 1876 P.
1306 1815 1357 1873 41.

168 1933 171 1945 ·
289 1910 385 1974 Cum
409 1911 595 1994 imperio
622 1919 685 1977 est
712 1914 877 1978 dicebatur
901 1917 985 1998 apud
1008 1917 1167 2000 antiquos,
1191 1917 1241 1981 cui
1265 1914 1491 1995 nominatim?

290 2039 309 2078 a
331 2017 449 2100 populo
473 2019 610 2082 dabatur
634 2019 814 2102 imperium.
850 2021 945 2084 Cum
970 2022 1203 2104 potestate*
1226 2025 1284 2084 est
1307 2020 1474 2084 dicebatur
1499 2099 1504 2106 ἱ

290 2122 328 2186 de
351 2145 398 2200 ec,
423 2124 478 2207 qui
503 2147 522 2188 a
544 2125 666 2209 populo
689 2125 786 2188 alicui
808 2126 939 2210 negotio
963 2125 1233 2210 praeficiebatur⁵.
1282 2126 1319 2188 P.
1343 2131 1395 2189 50.

290 2226 380 2292 Cum
405 2229 553 2312 populo
578 2251 697 2314 agere
727 2228 788 2293 hoc
812 2228 876 2294 est⁶
909 2232 1061 2314 populum
1087 2232 1126 2296 ad
1149 2230 1317 2296 concilium
1341 2236 1398 2294 aut
1420 2251 1474 2294 co·

290 2335 382 2398 mitia
407 2357 527 2399 vocare.
579 2337 614 2399 P.
639 2340 692 2399 50.

291 2440 524 2504 Curatores
548 2439 708 2517 dicuntur,
726 2440 781 2524 qui
798 2440 930 2523 pupillis
948 2441 1015 2504 loco
1032 2444 1175 2503 tutorum
1192 2440 1325 2516 dantur3
1342 2439 1408 2503 sive
1424 2437 1475 2502 illi

291 2547 345 2629 qui
369 2547 414 2610 rei
437 2546 667 2609 frumentariae
691 2543 835 2630 agrisve⁷
858 2545 1036 2608 dividendis
1053 2545 1226 2628 praepositi
1243 2539 1326 2609 su'nt.
1365 2543 1402 2606 P.
1418 2548 1472 2606 48.

225 2627 233 2650 i
292 2651 429 2714 Curia
461 2649 549 2714 locus
579 2655 642 2727 est,
677 2651 732 2713 ubi
763 2651 907 2740 publicas
940 2672 1031 2714 curas
1055 2649 1221 2734 gerebant.
1268 2647 1474 2712 Calabra⁸

291 2757 415 2818 curia
438 2755 620 2832 dicebatur,
651 2756 707 2818 ubi
730 2760 857 2818 tantum
882 2757 965 2819 ratio
988 2777 1149 2819 sacrorum
1174 2755 1353 2839 gerebatur.
1400 2751 1475 2816 Cu-

292 2861 381 2924 riae
404 2859 500 2923 etiam
524 2860 745 2937 nominantur,
769 2860 803 2922 in
827 2860 944 2944 quibus
968 2861 1216 2944 uniuscuiusque
1239 2855 1475 2942 partis'populi

293 2963 429 3028 Romani
453 2965 529 3048 quid
552 2965 686 3048 geritur,
712 2966 821 3048 quales
844 2970 920 3028 sunt
942 2967 1012 3043 hae,
1036 2965 1068 3028 in
1094 2987 1172 3049 quas
1193 2964 1349 3028 Romulus
1371 2984 1475 3045 popu·

199 3103 202 3132 t
293 3072 358 3135 lum
375 3071 557 3148 distribuit,
570 3093 704 3135 numero
720 3071 867 3156 triginta,
885 3071 1001 3154 quibus
1017 3074 1128 3153 postea
1145 3071 1271 3134 additae
1286 3072 1363 3132 sunt
1378 3066 1474 3152 quin-

292 3199 363 3262 que,
386 3178 433 3240 ita
456 3181 492 3240 ut
516 3177 549 3239 in
574 3153 632 3240 sira
655 3175 789 3260 quisque
812 3176 901 3240 curia
923 3198 1012 3239 sacra
1036 3175 1164 3258 publica
1179 3175 1298 3239 faceret
1314 3173 1476 3257 feriasque

291 3285 488 3360 observaret,
523 3283 644 3366 iisque⁹
673 3285 770 3347 curiis
798 3283 935 3366 singulis
965 3281 1096 3345 nomina
1119 3281 1287 3345 Curiorum
1309 3277 1475 3364 virginum

290 3391 429 3474 inposita
453 3411 520 3453 esse
543 3390 708 3468 dicuntur,
741 3412 820 3474 quas
843 3378 985 3472 virgines
1009 3387 1170 3472 quondam
1194 3384 1331 3448 Romani
1353 3384 1392 3446 de
1414 3380 1475 3446 Sa-

293 3495 376 3558 binis
400 3499 585 3577 rapusrunt.
635 3496 672 3557 P.
695 3501 746 3561 49.

292 3599 315 3663 Ο
330 3601 523 3674 ariciae,
548 3601 686 3663 eiusdem
711 3600 827 3678 curiae,
852 3609 888 3663 ut
905 3599 1040 3664 tribules
1064 3603 1095 3662 et
1111 3593 1331 3678 municipes¹⁰.
1367 3595 1405 3657 P.
1422 3597 1474 3657 49.

292 3705 509 3768 Guriales
533 3704 757 3769 flamines
780 3705 941 3769 curiarum
966 3705 1153 3768 sacerdotes.
1204 3703 1240 3764 P.
1264 3705 1315 3765 64.

291 3809 521 3874 Curionia
543 3832 643 3887 sacra,
670 3833 751 3896 quae
775 3812 807 3874 in
834 3811 930 3875 curiis
954 3811 1084 3874 fiebant.
1134 3809 1172 3871 P.
1197 3809 1250 3870 62.

291 3914 398 3979 Curi
412 3936 430 3978 o
444 3938 463 3978 n
476 3916 487 3978 i
500 3939 518 3978 u
534 3938 562 3978 m
588 3935 641 3979 aes
663 3916 837 3993 dicebatur,
865 3917 948 3999 quod
973 3915 1110 3979 dabatur
1134 3912 1286 3977 curioni¹l
1309 3911 1350 3974 ob
1370 3929 1475 3974 sacer·

289 4021 414 4106 ‘dotium
440 4021 636 4086 curionatus,
684 4024 721 4085 P.
746 4028 798 4086 49.
1282 4036 1285 4040 ’

364 4195 391 4262 1)
409 4209 426 4247 a
444 4211 494 4249 om.
512 4195 583 4248 libri.
611 4225 644 4232 —
669 4195 695 4262 2)
715 4193 828 4262 buplieo
849 4193 890 4246 M.
921 4225 952 4232 -
980 4193 1007 4262 3)
1024 4191 1204 4246 nominatum
1226 4190 1255 4242 Τ.
1280 4221 1312 4232 -
1332 4189 1358 4249 4)
1377 4190 1417 4243 sic
1439 4187 1477 4254 T;

292 4301 354 4340 cum
373 4284 485 4352 potesta
505 4281 550 4349 Μ,
579 4283 752 4351 compotestn
773 4280 807 4334 G.
836 4313 869 4320 —
890 4283 917 4350 5)
934 4279 1150 4351 praeferebatur
1170 4279 1240 4332 libri.
1265 4307 1294 4317 -
1313 4277 1343 4344 6)
1363 4279 1405 4332 est
1423 4277 1478 4332 hoc

292 4376 336 4426 est
354 4373 426 4426 libri.
449 4401 476 4408 -
498 4372 525 4437 7)
546 4370 588 4424 rel
609 4369 641 4423 G.
665 4397 694 4408 ·-
714 4368 742 4436 8)
760 4368 877 4423 oulabra
896 4370 967 4423 libri.
992 4399 1021 4408 -
1041 4367 1069 4437 9)
1088 4365 1186 4436 hisque
1205 4366 1276 4418 libri.
1298 4394 1328 4402 -
1351 4363 1394 4432 10)
1413 4379 1475 4416 rnu-

293 4460 385 4530 niosps
405 4459 444 4513 M.
466 4489 498 4498 -
519 4459 563 4526 ll)
582 4457 678 4512 euroni
699 4456 732 4510 G.
