3358 5244
645 385 798 456 Collegium
818 402 915 455 aquae.
1306 389 1369 454 353

267 568 449 613 Excessus
468 567 679 613 Mommseni.
718 567 810 628 Capitis
829 569 921 628 primi
939 571 1107 626 argumentum
1121 569 1245 615 evidenter
1256 573 1370 630 apparet3

191 655 278 714 agitur
298 655 409 699 nimirum
435 655 465 698 de
484 655 655 700 iureiurando
674 655 832 712 magistratus
851 655 975 711 abeuntis,
1003 656 1070 716 quod
1085 657 1196 701 imitatur
1213 657 1371 703 eiurationem

190 742 316 803 publicam
337 733 620 802 (Staatsrccbt1³,625
638 753 665 788 a.
675 737 713 803 4).
749 742 850 788 Locutio
868 735 948 802 ‘qaod
965 735 1096 803 quidquid
1108 751 1195 804 penus
1211 753 1265 791 sese
1281 739 1370 807 cenit’,

190 832 219 874 ut
240 821 373 890 quidquid
390 829 494 874 relativa
512 831 536 875 vi
554 835 646 886 carcat,
665 844 719 876 oum
738 831 842 876 termula
861 839 966 891 quoquo
984 823 1062 876 modo
1080 833 1191 877 similiter
1202 835 1291 892 passim
1304 849 1372 881 usur·

190 920 269 976 petnr,
284 921 309 962 et
321 918 374 977 ipsa
391 917 488 962 admitti
500 919 590 978 poterit
603 911 651 978 (ef.
662 910 772 965 Locum.
786 911 822 964 ad
831 909 914 965 [ruer.
921 927 949 979 p.
959 913 1020 965 286.
1040 911 1153 980 Madviq
1164 913 1196 966 de
1207 911 1253 980 fist.
1260 931 1290 982 p.
1298 917 1370 979 645).

191 995 371 1051 HuscitItt'atta
389 1005 511 1050 restitutio
530 1009 558 1050 ut
576 1007 600 1049 in
619 1007 674 1057 aliis
692 1010 785 1066 peceat,
805 1007 840 1050 ita
859 1006 1044 1052 concinnitatem
1064 1005 1191 1064 enuntiati,
1215 1009 1279 1068 quod
1297 1023 1371 1054 unum

190 1101 228 1139 eet
246 1095 349 1150 omnino,
367 1107 494 1154 perperam
512 1094 592 1139 solvit.
614 1085 811 1140 ‘Paticctbttltlm
829 1093 975 1139 vocabulum
994 1095 1038 1140 hcc
1056 1095 1106 1139 solo
1124 1096 1175 1140 loco
1189 1099 1309 1155 repertum
1321 1097 1370 1142 lor·

189 1185 255 1227 tasse
274 1181 395 1238 significat
413 1181 491 1226 locum
510 1181 551 1242 qui
570 1184 646 1239 patet,
665 1185 693 1225 ut
713 1179 843 1225 latibulum
857 1193 912 1224 eum
925 1193 972 1240 qno
986 1182 1097 1236 latemus,
1110 1193 1167 1226 nam
1179 1182 1286 1240 paticare
1300 1197 1315 1227 a
1328 1197 1369 1242 po·

190 1269 262 1314 tendo
277 1269 381 1312 derivari
394 1269 473 1328 potuit
486 1268 547 1312 sicut
558 1267 685 1312 morsicare
699 1266 858 1312 amcrdendo.
872 1287 907 1298 --
920 1267 1005 1326 Capite
1019 1281 1111 1312 secun
1120 1268 1155 1312 dc
1168 1281 1215 1328 quc
1225 1261 1280 1315 Hit.
1294 1271 1371 1316 credit

190 1357 279 1412 careri,
298 1369 340 1402 cur
357 1357 411 1416 quis
430 1355 549 1412 magister
567 1355 645 1400 creari
662 1358 777 1414 nequeat,
796 1367 840 1399 nce
853 1367 896 1414 per
909 1367 934 1398 se
948 1358 1014 1400 recte
1027 1356 1190 1412 excogitatum
1203 1361 1241 1401 est
1259 1349 1326 1418 (nam
1339 1358 1371 1402 ab

131 1485 136 1496 ,
190 1445 327 1490 eiuratione
348 1445 384 1490 ita
403 1445 513 1489 reicimur
531 1443 563 1489 ad
581 1444 686 1495 comitia,
705 1443 720 1488 i.
735 1457 757 1486 e.
777 1457 791 1486 a
810 1445 877 1488 ealce
896 1443 927 1486 ad
946 1434 1030 1502 caput)
1050 1445 1074 1486 et
1087 1443 1181 1488 omuino
1201 1457 1229 1488 ec
1241 1445 1369 1504 refutatur,

189 1533 254 1592 quod
272 1547 295 1576 v.
317 1534 330 1577 9
350 1532 505 1576 deieraticnis
524 1529 667 1576 vocabulum
686 1531 784 1587 legitur,
803 1534 940 1576 etcertum
959 1531 991 1576 sit
1010 1534 1087 1576 totum
1107 1531 1151 1576 hcc
1170 1535 1279 1591 caputet
1292 1534 1369 1593 ipsum

191 1620 223 1670 ad
251 1619 410 1664 eiurationem
434 1622 552 1676 spectare.
588 1617 669 1661 Etiam
694 1630 756 1678 qnae
776 1621 909 1678 sequuntur
929 1617 993 1676 apud
1013 1610 1070 1662 Hu.
1090 1620 1168 1662 multa
1186 1621 1310 1666 continent
1328 1635 1371 1682 pa-

189 1720 242 1752 rum
265 1709 332 1766 apta,
352 1708 380 1749 ut
398 1705 458 1748 illud
473 1697 613 1764 profectus
627 1713 743 1766 peropus,
763 1705 827 1766 quod
839 1709 890 1750 tam
903 1709 940 1750 est
950 1705 1063 1751 Latinum
1083 1719 1155 1766 quam
1168 1707 1276 1752 futurum
1289 1711 1370 1769 paullo

190 1799 248 1840 ante
277 1793 309 1839 ab
327 1786 385 1840 Htl.
404 1793 543 1837 restitutum
563 1785 647 1848 abiet,
673 1798 698 1838 et
717 1794 780 1854 quod
801 1793 910 1854 sequitur
929 1787 1035 1854 loltyt'us
1047 1787 1144 1854 pedum
1165 1793 1269 1842 certium
1285 1790 1370 1857 milia,

194 1881 265 1942 quasi
285 1895 327 1942 pro
345 1893 419 1940 passu
438 1881 512 1924 etiam
531 1893 574 1940 pes
593 1881 617 1924 in
638 1881 754 1925 eiusmodi
772 1894 884 1926 mensura
904 1883 980 1926 locum
1000 1881 1117 1937 obtineat,
1137 1885 1162 1927 et
1181 1880 1284 1928 certium
1295 1877 1372 1930 milt'a

189 1969 261 2030 quasi
281 1969 362 2013 notari
379 1969 472 2028 possint
492 1967 523 2012 ab
536 1967 582 2013 hac
594 1973 677 2013 aetate
690 1967 877 2014 abhorrentibus
890 1970 953 2013 notis
967 1968 992 2012 c.
1006 1969 1049 2024 M,
1068 1981 1128 2028 quas
1141 1972 1232 2013 temere
1245 1971 1372 2016 substituit

190 2059 263 2117 plane
287 2069 361 2100 sanae
380 2056 481 2100 lectioni
499 2054 571 2110 CXX,
591 2056 605 2098 i.
626 2069 648 2100 e.
668 2053 771 2100 ctutum
790 2053 815 2100 et
832 2048 929 2116 llt'yt‘lttt'
944 2047 1029 2114 mtlt'a,
1048 2062 1075 2100 ut
1093 2057 1242 2102 certissimae
1260 2071 1371 2118 quaeque

191 2156 343 2189 numerorum
362 2145 521 2202 notarumque
539 2145 606 2199 leges
624 2143 710 2187 eadem
729 2156 777 2202 qua
794 2143 967 2199 grammaticae
986 2143 1056 2188 ruina
1069 2148 1178 2204 pereant.
1206 2143 1253 2190 Sed
1266 2147 1326 2190 satis
1339 2147 1372 2190 sit

192 2231 222 2276 de
241 2231 303 2275 istis.
334 2230 394 2274 Mihi
414 2229 510 2274 ridetur
527 2232 648 2274 tractatus
665 2230 694 2274 de
718 2231 851 2274 eiuratione
869 2231 905 2275 ita
922 2231 1065 2282 continuari,
1085 2235 1112 2276 ut
1125 2232 1226 2289 primum
1239 2233 1281 2293 qui
1293 2233 1371 2278 eiura-

195 2319 285 2364 tionem
304 2317 419 2372 emiserit,
438 2321 536 2377 praeter
553 2317 653 2360 multam
672 2315 762 2361 honore
781 2321 806 2361 et
824 2317 939 2374 suffragio
952 2318 1063 2379 deinceps
1076 2323 1166 2372 careat,
1186 2321 1263 2366 multa
1274 2333 1371 2381 quoque

193 2409 278 2451 contra
299 2419 351 2450 eam
372 2407 450 2461 legem
465 2405 564 2448 facienti
583 2404 686 2456 adiectu,
709 2403 796 2448 deinde
814 2408 930 2464 pergatur
950 2405 981 2449 ad
994 2407 1173 2452 excusationem
1186 2408 1326 2453 eiurationis
1346 2412 1371 2454 et

190 2493 306 2538 iudicium
334 2493 365 2536 de
383 2492 539 2536 excusatione
568 2504 598 2535 ea
624 2491 807 2536 instituendum.
843 2489 910 2543 Quod
929 2491 1037 2551 reposui,
1062 2497 1088 2537 ut
1107 2507 1260 2554 nequaquam
1279 2499 1371 2540 certum

190 2585 243 2638 est,
273 2581 309 2624 ita
337 2580 421 2638 opinor
444 2591 486 2638 per
504 2591 530 2622 se
548 2577 687 2638 probabile;
715 2591 800 2636 nempe
819 2577 932 2623 iudicium
950 2591 1025 2638 penes
1044 2581 1172 2636 magistros
1190 2594 1250 2636 esse,
1271 2595 1372 2626 exeusa-

192 2671 284 2714 tionem
303 2671 385 2713 autem
405 2667 502 2713 admitti
521 2668 638 2725 magistri,
668 2667 709 2726 qni
727 2679 773 2726 quo
791 2666 830 2710 die
849 2667 988 2723 magisterio
1006 2667 1029 2711 ei
1048 2667 1186 2712 abeundum
1204 2669 1244 2724 sit,
1271 2669 1306 2714 rei
1329 2682 1372 2728 pu·

194 2757 273 2802 blicae
293 2761 335 2801 aut
353 2756 404 2800 litis
424 2769 498 2801 causa
516 2757 633 2810 consistat
651 2757 676 2805 in
696 2757 747 2800 loco
766 2755 856 2798 dierum
876 2768 920 2799 sex
932 2757 1067 2816 pluriumve
1079 2757 1165 2801 itinere
1178 2756 1209 2802 ab
1222 2757 1281 2802 urbe
1294 2757 1371 2802 Roma

190 2849 294 2900 remotc;
325 2857 393 2897 eum,
419 2844 460 2904 qni
483 2857 530 2888 non
550 2849 606 2889 ante
627 2845 690 2888 diem
709 2843 849 2890 eiurationis
868 2845 1047 2888 excusationem
1066 2845 1172 2902 adleget,
1192 2846 1301 2900 multam,
1321 2845 1372 2888 exi·

194 2944 265 2987 guam
292 2935 375 2976 tamen
400 2931 489 2975 assium
513 2930 545 2984 L,
574 2931 672 2976 sufferre
692 2931 791 2989 dehere;
822 2931 925 2990 denique
944 2929 976 2974 ab
995 2930 1129 2976 eiuratione
1144 2935 1208 2976 recte
1228 2935 1371 2976 excusatum

194 3018 269 3063 nihilo
289 3018 367 3061 minus
387 3030 434 3077 quc
453 3021 561 3077 tempore
580 3019 669 3078 poterit
688 3019 783 3062 eiurare
801 3022 925 3078 oportere,
951 3022 979 3062 ut
997 3020 1075 3062 multa
1093 3031 1200 3079 quoque,
1224 3031 1370 3078 quamquam

191 3120 238 3151 non
267 3105 424 3163 gravissima,
452 3118 499 3148 non
524 3105 628 3148 eiuranti
652 3105 689 3148 ita
713 3105 857 3164 imponatur.
894 3104 960 3157 Quae
986 3105 1123 3150 emendatio
1141 3106 1199 3150 mihi
1219 3105 1371 3150 admittenda

190 3195 248 3250 luit,
268 3198 295 3238 ut
314 3193 375 3237 haec
393 3192 431 3237 ita
449 3192 630 3246 ordinarentur,
649 3200 731 3236 nnm-
747 3203 779 3235 uu
795 3179 884 3236 -n1r1s
902 3205 944 3252 prc
961 3203 1117 3245 assensuum,
1137 3205 1166 3236 ca
1179 3184 1319 3237 Huschkt'o
1331 3204 1371 3236 ac·
1413 3252 1416 3256 Ι

192 3286 264 3341 cepta
290 3280 392 3325 ferenda
418 3284 462 3324 cst.
489 3301 522 3310 -
549 3277 633 3338 Capite
657 3281 772 3324 tertio
793 3281 855 3340 quod
875 3281 955 3339 posui,
983 3279 1140 3350 simplicitate
1159 3279 1242 3339 opinor
1260 3283 1371 3338 praestat

191 3371 290 3416 invente
310 3367 466 3413 lluschkiano
486 3372 511 3411 et
528 3371 594 3412 recte
613 3370 713 3425 aptatur
732 3367 858 3427 prioribus.
894 3367 986 3426 Nempe
1005 3363 1092 3412 absens
1112 3366 1132 3410 si
1144 3379 1188 3425 per
1200 3365 1274 3410 alium
1291 3377 1317 3409 se
1330 3378 1371 3408 ex·

192 3457 286 3502 cutavit
309 3467 388 3516 neque
412 3454 433 3498 is
456 3455 520 3498 iusto
541 3458 647 3513 tempore
666 3455 800 3509 nuntiavit,
826 3455 903 3499 multa
922 3454 1019 3514 quidem
1037 3454 1124 3498 eudem
1143 3457 1187 3509 est,
1207 3453 1249 3497 sed
1268 3453 1371 3496 multam

193 3558 247 3589 eam
267 3547 311 3588 aut
328 3543 427 3587 nuntius
447 3543 530 3586 statim
549 3541 639 3586 inferat
656 3553 754 3586 necesse
775 3547 819 3596 est,
839 3545 882 3585 aut
900 3553 962 3596 eam,
982 3541 1002 3586 si
1024 3541 1142 3597 magister
1159 3539 1239 3594 solvit,
1258 3553 1273 3584 a
1285 3539 1370 3583 nuntio

194 3635 304 3692 repetere
324 3634 413 3690 potest.
439 3629 486 3674 Pro
505 3627 597 3674 tautae
610 3621 742 3688 pecuniae
759 3627 798 3673 cui
810 3629 887 3686 magis
900 3627 1013 3689 placebit,
1033 3628 1096 3689 quod
1111 3619 1167 3675 Hel.
1181 3627 1269 3687 posuit,
1288 3617 1371 3685 dupla

191 3712 319 3780 pecunia,
341 3719 363 3762 ei
381 3731 428 3762 nou
447 3718 604 3763 contradico.
623 3739 658 3747 —
678 3717 771 3777 Capitis
790 3717 898 3776 quarti
917 3716 1062 3761 sententiam
1074 3720 1140 3760 recte
1153 3715 1237 3774 opinor
1248 3713 1372 3773 perspexit

193 3797 375 3865 Rudorffitts:
394 3805 486 3850 scilicet
504 3810 531 3849 ut
551 3811 647 3864 praeter
666 3805 755 3849 multas
774 3817 804 3848 ex
823 3806 877 3862 lege
896 3804 1069 3848 descendentes
1088 3803 1190 3846 maiores
1208 3801 1315 3861 praetori
1328 3813 1370 3858 pu·

191 3893 256 3938 blico
281 3893 363 3953 populi
376 3891 477 3936 Romani
491 3893 632 3951 permissum
646 3897 683 3936 est
696 3893 741 3937 ciri
755 3891 830 3936 cuivis
844 3892 945 3936 multam
957 3891 1035 3935 dicere
1047 3903 1120 3950 quam
1133 3894 1220 3934 vocant
1232 3888 1370 3940 maximam,

195 3981 219 4026 id
239 3985 277 4026 est
295 3993 341 4024 non
363 3979 477 4024 maiorem
497 3980 586 4023 assium
612 3959 701 4024 ΪῙΙΧΧ
724 3971 901 4034 (Siaaist‘eciti
917 3970 1111 4038 1³,158—160)‚
1132 3979 1168 4022 ita
1186 3975 1302 4033 magistro
1323 3975 1372 4018 col·
1463 4001 1466 4006 ,

197 4069 256 4126 legii
276 4069 393 4112 lullonum
414 4067 491 4110 simile
510 4067 547 4110 ius
567 4067 681 4111 adversus
699 4066 803 4112 fullones
822 4065 943 4121 tribuitur,
963 4067 1033 4110 modo
1051 4077 1117 4110 asses
1136 4065 1243 4122 singulos
1261 4061 1371 4118 singulae

193 4157 288 4199 multae
314 4169 345 4198 nc
371 4153 500 4198 excedunt.
526 4173 557 4182 —
584 4153 669 4212 Capite
693 4154 822 4212 quinto
851 4157 908 4198 ante
933 4153 1013 4198 omnia
1037 4151 1145 4211 ineptum
1163 4149 1224 4194 illud
1242 4157 1318 4192 Pauus
1336 4146 1373 4190 ita

193 4242 328 4286 tollendum
348 4245 398 4296 eet,
423 4245 450 4284 ut
469 4238 632 4283 substituatur
651 4237 716 4282 iusta
734 4239 927 4298 interpunctione
945 4249 971 4283 Ρ·
989 4249 1017 4281 n·
1035 4248 1085 4282 1us.
1122 4236 1172 4289 Quo
1189 4235 1267 4297 posito
1285 4233 1372 4294 proha-

195 4327 279 4373 biliter
298 4329 354 4373 inde
373 4327 492 4372 efficietur
510 4326 536 4369 in
555 4325 682 4382 collegium
704 4325 749 4370 hcc
768 4339 822 4370 cum
840 4325 972 4371 admissum
991 4338 1056 4381 esee,
1080 4325 1121 4384 qui
1142 4325 1202 4368 duas
1220 4323 1328 4376 lacunas,
1347 4319 1371 4363 id

198 4419 235 4460 est
255 4415 334 4461 tentes
353 4416 461 4476 publicos
482 4415 564 4475 populi
583 4413 684 4458 Romani
709 4413 811 4458 utendos
831 4413 876 4458 sibi
895 4413 926 4458 ab
945 4427 973 4458 eo
992 4415 1168 4472 comparasset,
1193 4410 1298 4466 vectigal
1317 4406 1372 4451 inde

249 4522 343 4572 sanus.
362 4523 450 4567 Fontes
469 4523 536 4566 raris.
572 4521 616 4566 nc.
637 4520 680 4566 vr.
1127 4507 1161 4562 23
