<?xml version="1.0" encoding="UTF-8"?>
<!DOCTYPE html PUBLIC "-//W3C//DTD XHTML 1.0 Transitional//EN"
    "http://www.w3.org/TR/xhtml1/DTD/xhtml1-transitional.dtd">
<html xmlns="http://www.w3.org/1999/xhtml" xml:lang="en" lang="en">
 <head>
  <title>
</title>
<meta http-equiv="Content-Type" content="text/html;charset=utf-8" />
  <meta name='ocr-system' content='tesseract 3.04.00' />
  <meta name='ocr-capabilities' content='ocr_page ocr_carea ocr_par ocr_line ocrx_word'/>
</head>
<body>
  <div class='ocr_page' id='page_1' title='image "./fontesjurisroma00mommgoog_0500.png"; bbox 0 0 3400 5254; ppageno 0'>
   <div class='ocr_carea' id='block_1_1' title="bbox 332 392 984 458">
    <p class='ocr_par' dir='ltr' id='par_1_1' title="bbox 332 392 984 458">
     <span class='ocr_line' id='line_1_1' title="bbox 332 392 984 458; baseline 0.005 -17"><span class='ocrx_word' id='word_1_1' title='bbox 332 397 372 458; x_wconf 79' lang='lat'><strong>84</strong></span> <span class='ocrx_word' id='word_1_2' title='bbox 857 392 984 447; x_wconf 81' lang='lat' dir='ltr'><strong>Isidorus.</strong></span> 
     </span>
    </p>
   </div>
   <div class='ocr_carea' id='block_1_2' title="bbox 242 569 1515 4117">
    <p class='ocr_par' dir='ltr' id='par_1_2' title="bbox 329 569 1515 1177">
     <span class='ocr_line' id='line_1_2' title="bbox 331 569 1511 652; baseline 0.003 -19"><span class='ocrx_word' id='word_1_3' title='bbox 331 569 553 633; x_wconf 86' lang='lat' dir='ltr'><strong>defunctorum</strong></span> <span class='ocrx_word' id='word_1_4' title='bbox 576 573 701 632; x_wconf 88' lang='lat' dir='ltr'><strong>constat</strong></span> <span class='ocrx_word' id='word_1_5' title='bbox 725 591 791 633; x_wconf 90' lang='lat' dir='ltr'><strong>esse</strong></span> <span class='ocrx_word' id='word_1_6' title='bbox 808 570 998 633; x_wconf 71' lang='lat' dir='ltr'><strong>subventum</strong></span> <span class='ocrx_word' id='word_1_7' title='bbox 1022 573 1153 652; x_wconf 90' lang='lat' dir='ltr'><strong>propter</strong></span> <span class='ocrx_word' id='word_1_8' title='bbox 1169 571 1321 652; x_wconf 88' lang='lat' dir='ltr'><strong>legalium</strong></span> <span class='ocrx_word' id='word_1_9' title='bbox 1339 573 1511 638; x_wconf 85' lang='lat' dir='ltr'><strong>verborum</strong></span> 
     </span>
     <span class='ocr_line' id='line_1_3' title="bbox 331 673 1515 756; baseline 0.006 -19"><span class='ocrx_word' id='word_1_10' title='bbox 331 673 565 750; x_wconf 84' lang='lat' dir='ltr'><strong>difficultatem,</strong></span> <span class='ocrx_word' id='word_1_11' title='bbox 589 677 645 737; x_wconf 91' lang='lat' dir='ltr'><strong>aut</strong></span> <span class='ocrx_word' id='word_1_12' title='bbox 668 677 754 737; x_wconf 90' lang='lat' dir='ltr'><strong>certe</strong></span> <span class='ocrx_word' id='word_1_13' title='bbox 779 679 908 756; x_wconf 87' lang='lat' dir='ltr'><strong>propter</strong></span> <span class='ocrx_word' id='word_1_14' title='bbox 932 675 1150 738; x_wconf 89' lang='lat' dir='ltr'><strong>necessitatem</strong></span> <span class='ocrx_word' id='word_1_15' title='bbox 1177 675 1427 740; x_wconf 84' lang='lat' dir='ltr'><strong>adhibendorum</strong></span> <span class='ocrx_word' id='word_1_16' title='bbox 1445 679 1515 744; x_wconf 87' lang='lat' dir='ltr'><strong>sol-.</strong></span> 
     </span>
     <span class='ocr_line' id='line_1_4' title="bbox 329 779 1509 862; baseline 0.003 -21"><span class='ocrx_word' id='word_1_17' title='bbox 329 779 498 853; x_wconf 90' lang='lat' dir='ltr'><strong>lemnium,</strong></span> <span class='ocrx_word' id='word_1_18' title='bbox 532 779 578 841; x_wconf 87' lang='lat' dir='ltr'><strong>ita</strong></span> <span class='ocrx_word' id='word_1_19' title='bbox 608 783 643 840; x_wconf 90' lang='lat' dir='ltr'><strong>ut</strong></span> <span class='ocrx_word' id='word_1_20' title='bbox 672 779 726 861; x_wconf 91' lang='lat' dir='ltr'><strong>qui</strong></span> <span class='ocrx_word' id='word_1_21' title='bbox 750 779 881 842; x_wconf 87' lang='lat' dir='ltr'><strong>titulum</strong></span> <span class='ocrx_word' id='word_1_22' title='bbox 908 779 1018 842; x_wconf 78' lang='lat' dir='ltr'><strong>scribit</strong></span> <span class='ocrx_word' id='word_1_23' title='bbox 1051 780 1187 843; x_wconf 88' lang='lat' dir='ltr'><strong>eiusdem</strong></span> <span class='ocrx_word' id='word_1_24' title='bbox 1212 781 1397 862; x_wconf 73' lang='lat' dir='ltr'><strong>scripturae,</strong></span> <span class='ocrx_word' id='word_1_25' title='bbox 1421 783 1509 846; x_wconf 91' lang='lat' dir='ltr'><strong>codi-</strong></span> 
     </span>
     <span class='ocr_line' id='line_1_5' title="bbox 331 881 1513 970; baseline 0.003 -24"><span class='ocrx_word' id='word_1_26' title='bbox 331 884 439 946; x_wconf 90' lang='lat' dir='ltr'><strong>cillum</strong></span> <span class='ocrx_word' id='word_1_27' title='bbox 464 887 562 946; x_wconf 87' lang='lat' dir='ltr'><strong>vocet.</strong></span> <span class='ocrx_word' id='word_1_28' title='bbox 614 885 661 946; x_wconf 82' lang='lat'><strong>15.</strong></span> <span class='ocrx_word' id='word_1_29' title='bbox 687 881 837 947; x_wconf 79' lang='lat' dir='ltr'><strong>Oratio</strong></span> <span class='ocrx_word' id='word_1_30' title='bbox 860 889 909 946; x_wconf 88' lang='lat' dir='ltr'><strong>est</strong></span> <span class='ocrx_word' id='word_1_31' title='bbox 931 891 1036 948; x_wconf 89' lang='lat' dir='ltr'><strong>certus</strong></span> <span class='ocrx_word' id='word_1_32' title='bbox 1060 885 1180 947; x_wconf 90' lang='lat' dir='ltr'><strong>dierum</strong></span> <span class='ocrx_word' id='word_1_33' title='bbox 1205 908 1365 963; x_wconf 86' lang='lat' dir='ltr'><strong>numerus,</strong></span> <span class='ocrx_word' id='word_1_34' title='bbox 1387 887 1420 948; x_wconf 93' lang='lat' dir='ltr'><strong>in</strong></span> <span class='ocrx_word' id='word_1_35' title='bbox 1444 909 1513 970; x_wconf 86' lang='lat' dir='ltr'><strong>quo</strong></span> 
     </span>
     <span class='ocr_line' id='line_1_6' title="bbox 329 987 1512 1073; baseline 0.003 -23"><span class='ocrx_word' id='word_1_36' title='bbox 329 987 497 1050; x_wconf 89' lang='lat' dir='ltr'><strong>institutus</strong></span> <span class='ocrx_word' id='word_1_37' title='bbox 513 989 604 1052; x_wconf 88' lang='lat' dir='ltr'><strong>heres</strong></span> <span class='ocrx_word' id='word_1_38' title='bbox 621 993 676 1050; x_wconf 90' lang='lat' dir='ltr'><strong>aut</strong></span> <span class='ocrx_word' id='word_1_39' title='bbox 694 988 762 1050; x_wconf 88' lang='lat' dir='ltr'><strong>adit</strong></span> <span class='ocrx_word' id='word_1_40' title='bbox 780 988 999 1067; x_wconf 80' lang='lat' dir='ltr'><strong>hereditatem,</strong></span> <span class='ocrx_word' id='word_1_41' title='bbox 1020 993 1076 1052; x_wconf 88' lang='lat' dir='ltr'><strong>aut</strong></span> <span class='ocrx_word' id='word_1_42' title='bbox 1092 990 1184 1054; x_wconf 88' lang='lat' dir='ltr'><strong>finito</strong></span> <span class='ocrx_word' id='word_1_43' title='bbox 1200 995 1341 1073; x_wconf 88' lang='lat' dir='ltr'><strong>tempore</strong></span> <span class='ocrx_word' id='word_1_44' title='bbox 1357 993 1512 1055; x_wconf 85' lang='lat' dir='ltr'><strong>cretionis</strong></span> 
     </span>
     <span class='ocr_line' id='line_1_7' title="bbox 330 1093 1424 1177; baseline 0.003 -21"><span class='ocrx_word' id='word_1_45' title='bbox 330 1093 518 1169; x_wconf 75' lang='lat' dir='ltr'><strong>excluditur,</strong></span> <span class='ocrx_word' id='word_1_46' title='bbox 542 1114 600 1156; x_wconf 90' lang='lat' dir='ltr'><strong>nec</strong></span> <span class='ocrx_word' id='word_1_47' title='bbox 623 1093 759 1156; x_wconf 88' lang='lat' dir='ltr'><strong>liberum</strong></span> <span class='ocrx_word' id='word_1_48' title='bbox 784 1098 832 1156; x_wconf 90' lang='lat' dir='ltr'><strong>est</strong></span> <span class='ocrx_word' id='word_1_49' title='bbox 855 1093 903 1156; x_wconf 89' lang='lat' dir='ltr'><strong>illi</strong></span> <span class='ocrx_word' id='word_1_50' title='bbox 927 1094 1014 1156; x_wconf 89' lang='lat' dir='ltr'><strong>ultra</strong></span> <span class='ocrx_word' id='word_1_51' title='bbox 1037 1095 1205 1177; x_wconf 90' lang='lat' dir='ltr'><strong>capiendae</strong></span> <span class='ocrx_word' id='word_1_52' title='bbox 1228 1094 1424 1159; x_wconf 89' lang='lat' dir='ltr'><strong>hereditatis.</strong></span> 
     </span>
    </p>

    <p class='ocr_par' dir='ltr' id='par_1_3' title="bbox 418 1195 1514 1282">
     <span class='ocr_line' id='line_1_8' title="bbox 418 1195 1514 1282; baseline 0.006 -25"><span class='ocrx_word' id='word_1_53' title='bbox 418 1195 447 1257; x_wconf 92' lang='lat' dir='ltr'>V</span> <span class='ocrx_word' id='word_1_54' title='bbox 472 1200 523 1274; x_wconf 75' lang='lat'><strong>24,</strong></span> <span class='ocrx_word' id='word_1_55' title='bbox 547 1199 598 1261; x_wconf 87' lang='grc'><strong>20.</strong></span> <span class='ocrx_word' id='word_1_56' title='bbox 645 1195 887 1260; x_wconf 88' lang='lat' dir='ltr'><strong>Mandatum</strong></span> <span class='ocrx_word' id='word_1_57' title='bbox 914 1198 1041 1276; x_wconf 85' lang='lat' dir='ltr'><strong>dictum,</strong></span> <span class='ocrx_word' id='word_1_58' title='bbox 1078 1200 1162 1282; x_wconf 87' lang='lat' dir='ltr'><strong>quod</strong></span> <span class='ocrx_word' id='word_1_59' title='bbox 1185 1198 1260 1262; x_wconf 91' lang='lat' dir='ltr'><strong>olim</strong></span> <span class='ocrx_word' id='word_1_60' title='bbox 1285 1199 1317 1262; x_wconf 91' lang='lat' dir='ltr'><strong>in</strong></span> <span class='ocrx_word' id='word_1_61' title='bbox 1342 1202 1514 1264; x_wconf 86' lang='lat' dir='ltr'><strong>commisso·</strong></span> 
     </span>
    </p>

    <p class='ocr_par' dir='ltr' id='par_1_4' title="bbox 242 1301 1513 2543">
     <span class='ocr_line' id='line_1_9' title="bbox 329 1301 969 1385; baseline 0 -21"><span class='ocrx_word' id='word_1_62' title='bbox 329 1301 457 1385; x_wconf 82' lang='lat' dir='ltr'><strong>negotio</strong></span> <span class='ocrx_word' id='word_1_63' title='bbox 481 1303 677 1366; x_wconf 88' lang='lat' dir='ltr'><strong>alteralteri</strong></span> <span class='ocrx_word' id='word_1_64' title='bbox 710 1325 838 1365; x_wconf 90' lang='lat' dir='ltr'><strong>manum</strong></span> <span class='ocrx_word' id='word_1_65' title='bbox 864 1303 969 1365; x_wconf 91' lang='lat' dir='ltr'><strong>dabat.</strong></span> 
     </span>
     <span class='ocr_line' id='line_1_10' title="bbox 333 1406 1511 1484; baseline 0.006 -17"><span class='ocrx_word' id='word_1_66' title='bbox 333 1474 334 1478; x_wconf 32' lang='grc'><strong>,</strong></span> <span class='ocrx_word' id='word_1_67' title='bbox 417 1406 446 1468; x_wconf 89' lang='lat' dir='ltr'><strong>V</strong></span> <span class='ocrx_word' id='word_1_68' title='bbox 470 1410 522 1484; x_wconf 83' lang='lat'><strong>24,</strong></span> <span class='ocrx_word' id='word_1_69' title='bbox 540 1408 590 1470; x_wconf 84' lang='lat'><strong>25.</strong></span> <span class='ocrx_word' id='word_1_70' title='bbox 628 1406 819 1471; x_wconf 90' lang='lat' dir='ltr'><strong>Donatio</strong></span> <span class='ocrx_word' id='word_1_71' title='bbox 844 1412 891 1470; x_wconf 86' lang='lat' dir='ltr'><strong>est</strong></span> <span class='ocrx_word' id='word_1_72' title='bbox 915 1407 1084 1470; x_wconf 90' lang='lat' dir='ltr'><strong>cuiuslibet</strong></span> <span class='ocrx_word' id='word_1_73' title='bbox 1107 1407 1152 1471; x_wconf 89' lang='lat' dir='ltr'><strong>rei</strong></span> <span class='ocrx_word' id='word_1_74' title='bbox 1176 1411 1363 1484; x_wconf 74' lang='lat' dir='ltr'><strong>transactim</strong></span> <span class='ocrx_word' id='word_1_75' title='bbox 1389 1411 1511 1474; x_wconf 90' lang='lat' dir='ltr'><strong>dictam·</strong></span> 
     </span>
     <span class='ocr_line' id='line_1_11' title="bbox 242 1512 1509 1599; baseline 0.002 -23"><span class='ocrx_word' id='word_1_76' title='bbox 242 1548 243 1552; x_wconf 59' lang='lat'><em>=</em></span> <span class='ocrx_word' id='word_1_77' title='bbox 329 1518 434 1577; x_wconf 90' lang='lat' dir='ltr'><strong>autem</strong></span> <span class='ocrx_word' id='word_1_78' title='bbox 459 1513 568 1576; x_wconf 89' lang='lat' dir='ltr'><strong>dicunt</strong></span> <span class='ocrx_word' id='word_1_79' title='bbox 591 1513 798 1577; x_wconf 89' lang='lat' dir='ltr'><strong>donationem</strong></span> <span class='ocrx_word' id='word_1_80' title='bbox 822 1513 916 1595; x_wconf 90' lang='lat' dir='ltr'><strong>quasi</strong></span> <span class='ocrx_word' id='word_1_81' title='bbox 939 1512 1013 1575; x_wconf 91' lang='lat' dir='ltr'><strong>doni</strong></span> <span class='ocrx_word' id='word_1_82' title='bbox 1037 1513 1204 1590; x_wconf 88' lang='lat' dir='ltr'><strong>actionem,</strong></span> <span class='ocrx_word' id='word_1_83' title='bbox 1234 1519 1266 1578; x_wconf 88' lang='lat' dir='ltr'><strong>et</strong></span> <span class='ocrx_word' id='word_1_84' title='bbox 1289 1515 1393 1578; x_wconf 89' lang='lat' dir='ltr'><strong>dotem</strong></span> <span class='ocrx_word' id='word_1_85' title='bbox 1417 1518 1509 1599; x_wconf 86' lang='lat' dir='ltr'><strong>quasi</strong></span> 
     </span>
     <span class='ocr_line' id='line_1_12' title="bbox 329 1616 1509 1704; baseline 0.004 -24"><span class='ocrx_word' id='word_1_86' title='bbox 329 1618 378 1680; x_wconf 84' lang='lat' dir='ltr'><strong>‘do</strong></span> <span class='ocrx_word' id='word_1_87' title='bbox 401 1618 498 1680; x_wconf 87' lang='lat' dir='ltr'><strong>item&#39;.</strong></span> <span class='ocrx_word' id='word_1_88' title='bbox 546 1616 760 1681; x_wconf 88' lang='lat' dir='ltr'><strong>Praecedente</strong></span> <span class='ocrx_word' id='word_1_89' title='bbox 783 1618 867 1680; x_wconf 92' lang='lat' dir='ltr'><strong>enim</strong></span> <span class='ocrx_word' id='word_1_90' title='bbox 892 1617 925 1680; x_wconf 94' lang='lat' dir='ltr'><strong>in</strong></span> <span class='ocrx_word' id='word_1_91' title='bbox 949 1617 1069 1700; x_wconf 89' lang='lat' dir='ltr'><strong>nuptiis</strong></span> <span class='ocrx_word' id='word_1_92' title='bbox 1093 1619 1262 1682; x_wconf 84' lang='lat' dir='ltr'><strong>donatione</strong></span> <span class='ocrx_word' id='word_1_93' title='bbox 1279 1621 1334 1682; x_wconf 92' lang='lat' dir='ltr'><strong>dos</strong></span> <span class='ocrx_word' id='word_1_94' title='bbox 1350 1622 1509 1704; x_wconf 70' lang='lat' dir='ltr'><strong>sequitur.</strong></span> 
     </span>
     <span class='ocr_line' id='line_1_13' title="bbox 328 1721 1512 1807; baseline 0.002 -21"><span class='ocrx_word' id='word_1_95' title='bbox 328 1723 379 1786; x_wconf 86' lang='grc'><strong>26.</strong></span> <span class='ocrx_word' id='word_1_96' title='bbox 404 1721 489 1785; x_wconf 90' lang='lat' dir='ltr'><strong>Nam</strong></span> <span class='ocrx_word' id='word_1_97' title='bbox 505 1723 655 1805; x_wconf 90' lang='lat' dir='ltr'><strong>antiquus</strong></span> <span class='ocrx_word' id='word_1_98' title='bbox 673 1722 856 1804; x_wconf 85' lang='lat' dir='ltr'><strong>nuptiarum</strong></span> <span class='ocrx_word' id='word_1_99' title='bbox 878 1728 946 1786; x_wconf 90' lang='lat' dir='ltr'><strong>erat</strong></span> <span class='ocrx_word' id='word_1_100' title='bbox 962 1723 1054 1801; x_wconf 89' lang='lat' dir='ltr'><strong>ritus,</strong></span> <span class='ocrx_word' id='word_1_101' title='bbox 1078 1723 1162 1807; x_wconf 91' lang='lat' dir='ltr'><strong>quod</strong></span> <span class='ocrx_word' id='word_1_102' title='bbox 1179 1747 1212 1786; x_wconf 94' lang='lat' dir='ltr'><strong>se</strong></span> <span class='ocrx_word' id='word_1_103' title='bbox 1228 1725 1362 1788; x_wconf 87' lang='lat' dir='ltr'><strong>maritus</strong></span> <span class='ocrx_word' id='word_1_104' title='bbox 1378 1730 1410 1788; x_wconf 90' lang='lat' dir='ltr'><strong>et</strong></span> <span class='ocrx_word' id='word_1_105' title='bbox 1425 1749 1512 1790; x_wconf 83' lang='lat' dir='ltr'><strong>uxor·</strong></span> 
     </span>
     <span class='ocr_line' id='line_1_14' title="bbox 328 1827 1505 1920; baseline 0.005 -32"><span class='ocrx_word' id='word_1_106' title='bbox 328 1827 460 1890; x_wconf 90' lang='lat' dir='ltr'><strong>invicem</strong></span> <span class='ocrx_word' id='word_1_107' title='bbox 486 1828 649 1903; x_wconf 85' lang='lat' dir='ltr'><strong>emebant,</strong></span> <span class='ocrx_word' id='word_1_108' title='bbox 685 1850 725 1891; x_wconf 93' lang='lat' dir='ltr'><strong>ne</strong></span> <span class='ocrx_word' id='word_1_109' title='bbox 748 1827 910 1920; x_wconf 88' lang='lat' dir='ltr'><strong>videretur</strong></span> <span class='ocrx_word' id='word_1_110' title='bbox 933 1850 1013 1892; x_wconf 88' lang='lat' dir='ltr'><strong>uxor</strong></span> <span class='ocrx_word' id='word_1_111' title='bbox 1037 1829 1161 1902; x_wconf 91' lang='lat' dir='ltr'><strong>ancilla,</strong></span> <span class='ocrx_word' id='word_1_112' title='bbox 1192 1829 1274 1892; x_wconf 90' lang='lat' dir='ltr'><strong>sicut</strong></span> <span class='ocrx_word' id='word_1_113' title='bbox 1295 1828 1448 1894; x_wconf 88' lang='lat' dir='ltr'><strong>habemus</strong></span> <span class='ocrx_word' id='word_1_114' title='bbox 1470 1833 1505 1894; x_wconf 90' lang='lat' dir='ltr'><strong>in</strong></span> 
     </span>
     <span class='ocr_line' id='line_1_15' title="bbox 328 1931 1506 2018; baseline 0.004 -23"><span class='ocrx_word' id='word_1_115' title='bbox 328 1933 405 1996; x_wconf 91' lang='lat' dir='ltr'><strong>iure.</strong></span> <span class='ocrx_word' id='word_1_116' title='bbox 451 1931 527 1996; x_wconf 91' lang='lat' dir='ltr'><strong>lnde</strong></span> <span class='ocrx_word' id='word_1_117' title='bbox 558 1936 620 2011; x_wconf 90' lang='lat' dir='ltr'><strong>est,</strong></span> <span class='ocrx_word' id='word_1_118' title='bbox 654 1935 739 2016; x_wconf 91' lang='lat' dir='ltr'><strong>quod</strong></span> <span class='ocrx_word' id='word_1_119' title='bbox 771 1935 977 2016; x_wconf 82' lang='lat' dir='ltr'><strong>praecedente</strong></span> <span class='ocrx_word' id='word_1_120' title='bbox 1005 1934 1175 1996; x_wconf 82' lang='lat' dir='ltr'><strong>donatione</strong></span> <span class='ocrx_word' id='word_1_121' title='bbox 1198 1934 1258 1997; x_wconf 89' lang='lat' dir='ltr'><strong>viri</strong></span> <span class='ocrx_word' id='word_1_122' title='bbox 1282 1935 1425 2018; x_wconf 89' lang='lat' dir='ltr'><strong>sequitur</strong></span> <span class='ocrx_word' id='word_1_123' title='bbox 1448 1937 1506 2000; x_wconf 91' lang='lat' dir='ltr'><strong>dos</strong></span> 
     </span>
     <span class='ocr_line' id='line_1_16' title="bbox 328 2039 1513 2123; baseline 0.001 -21"><span class='ocrx_word' id='word_1_124' title='bbox 328 2039 444 2104; x_wconf 84' lang='lat' dir='ltr'><strong>uxoris.</strong></span> <span class='ocrx_word' id='word_1_125' title='bbox 492 2040 543 2102; x_wconf 82' lang='lat'><strong>27.</strong></span> <span class='ocrx_word' id='word_1_126' title='bbox 580 2039 719 2103; x_wconf 90' lang='lat' dir='ltr'><strong>Donatio</strong></span> <span class='ocrx_word' id='word_1_127' title='bbox 753 2040 989 2102; x_wconf 88' lang='lat' dir='ltr'><strong>usufructuaria</strong></span> <span class='ocrx_word' id='word_1_128' title='bbox 1019 2040 1089 2103; x_wconf 89' lang='lat' dir='ltr'><strong>ideo</strong></span> <span class='ocrx_word' id='word_1_129' title='bbox 1116 2039 1240 2118; x_wconf 88' lang='lat' dir='ltr'><strong>dicitnr,</strong></span> <span class='ocrx_word' id='word_1_130' title='bbox 1273 2041 1347 2123; x_wconf 89' lang='lat' dir='ltr'><strong>quia</strong></span> <span class='ocrx_word' id='word_1_131' title='bbox 1372 2041 1513 2104; x_wconf 85' lang='lat' dir='ltr'><strong>donator</strong></span> 
     </span>
     <span class='ocr_line' id='line_1_17' title="bbox 328 2143 1504 2222; baseline -0.001 -14"><span class='ocrx_word' id='word_1_132' title='bbox 328 2166 366 2208; x_wconf 84' lang='lat' dir='ltr'><strong>ex</strong></span> <span class='ocrx_word' id='word_1_133' title='bbox 390 2166 426 2207; x_wconf 88' lang='lat' dir='ltr'><strong>ea</strong></span> <span class='ocrx_word' id='word_1_134' title='bbox 449 2145 683 2209; x_wconf 89' lang='lat' dir='ltr'><strong>usumfructum</strong></span> <span class='ocrx_word' id='word_1_135' title='bbox 707 2143 810 2207; x_wconf 90' lang='lat' dir='ltr'><strong>adhuc</strong></span> <span class='ocrx_word' id='word_1_136' title='bbox 834 2144 950 2206; x_wconf 87' lang='lat' dir='ltr'><strong>retinet</strong></span> <span class='ocrx_word' id='word_1_137' title='bbox 966 2147 1100 2222; x_wconf 87' lang='lat' dir='ltr'><strong>servato,</strong></span> <span class='ocrx_word' id='word_1_138' title='bbox 1118 2144 1168 2207; x_wconf 91' lang='lat' dir='ltr'><strong>cui</strong></span> <span class='ocrx_word' id='word_1_139' title='bbox 1185 2146 1337 2208; x_wconf 87' lang='lat' dir='ltr'><strong>donatum</strong></span> <span class='ocrx_word' id='word_1_140' title='bbox 1353 2149 1410 2221; x_wconf 89' lang='lat' dir='ltr'><strong>est,</strong></span> <span class='ocrx_word' id='word_1_141' title='bbox 1426 2146 1504 2209; x_wconf 90' lang='lat' dir='ltr'><strong>iure.</strong></span> 
     </span>
     <span class='ocr_line' id='line_1_18' title="bbox 328 2249 1509 2332; baseline 0.001 -21"><span class='ocrx_word' id='word_1_142' title='bbox 328 2250 379 2314; x_wconf 89' lang='grc'><strong>28.</strong></span> <span class='ocrx_word' id='word_1_143' title='bbox 412 2249 550 2314; x_wconf 89' lang='lat' dir='ltr'><strong>Donatio</strong></span> <span class='ocrx_word' id='word_1_144' title='bbox 583 2249 713 2329; x_wconf 87' lang='lat' dir='ltr'><strong>directa</strong></span> <span class='ocrx_word' id='word_1_145' title='bbox 727 2249 797 2312; x_wconf 88' lang='lat' dir='ltr'><strong>ideo</strong></span> <span class='ocrx_word' id='word_1_146' title='bbox 820 2253 1032 2331; x_wconf 90' lang='lat' dir='ltr'><strong>nuncupatur,</strong></span> <span class='ocrx_word' id='word_1_147' title='bbox 1059 2249 1133 2332; x_wconf 90' lang='lat' dir='ltr'><strong>quia</strong></span> <span class='ocrx_word' id='word_1_148' title='bbox 1156 2253 1188 2310; x_wconf 86' lang='lat' dir='ltr'><strong>et</strong></span> <span class='ocrx_word' id='word_1_149' title='bbox 1210 2249 1278 2312; x_wconf 89' lang='lat' dir='ltr'><strong>iure</strong></span> <span class='ocrx_word' id='word_1_150' title='bbox 1302 2252 1334 2310; x_wconf 90' lang='lat' dir='ltr'><strong>et</strong></span> <span class='ocrx_word' id='word_1_151' title='bbox 1357 2271 1414 2311; x_wconf 92' lang='lat' dir='ltr'><strong>usu</strong></span> <span class='ocrx_word' id='word_1_152' title='bbox 1438 2254 1509 2312; x_wconf 84' lang='lat' dir='ltr'><strong>sta·</strong></span> 
     </span>
     <span class='ocr_line' id='line_1_19' title="bbox 327 2353 1511 2437; baseline 0 -19"><span class='ocrx_word' id='word_1_153' title='bbox 327 2356 385 2418; x_wconf 90' lang='lat' dir='ltr'><strong>tim</strong></span> <span class='ocrx_word' id='word_1_154' title='bbox 410 2355 527 2418; x_wconf 89' lang='lat' dir='ltr'><strong>transit</strong></span> <span class='ocrx_word' id='word_1_155' title='bbox 548 2355 582 2418; x_wconf 93' lang='lat' dir='ltr'><strong>in</strong></span> <span class='ocrx_word' id='word_1_156' title='bbox 606 2355 753 2431; x_wconf 91' lang='lat' dir='ltr'><strong>alterum,</strong></span> <span class='ocrx_word' id='word_1_157' title='bbox 778 2375 837 2416; x_wconf 91' lang='lat' dir='ltr'><strong>nec</strong></span> <span class='ocrx_word' id='word_1_158' title='bbox 860 2354 946 2416; x_wconf 90' lang='lat' dir='ltr'><strong>ultra</strong></span> <span class='ocrx_word' id='word_1_159' title='bbox 969 2354 1041 2418; x_wconf 88' lang='lat' dir='ltr'><strong>inde</strong></span> <span class='ocrx_word' id='word_1_160' title='bbox 1067 2354 1187 2437; x_wconf 89' lang='lat' dir='ltr'><strong>aliquid</strong></span> <span class='ocrx_word' id='word_1_161' title='bbox 1210 2355 1249 2417; x_wconf 89' lang='lat' dir='ltr'><strong>ad</strong></span> <span class='ocrx_word' id='word_1_162' title='bbox 1271 2353 1320 2416; x_wconf 89' lang='lat' dir='ltr'><strong>ius</strong></span> <span class='ocrx_word' id='word_1_163' title='bbox 1343 2354 1511 2418; x_wconf 85' lang='lat' dir='ltr'><strong>donatoris</strong></span> 
     </span>
     <span class='ocr_line' id='line_1_20' title="bbox 327 2464 539 2543; baseline -0.005 -20"><span class='ocrx_word' id='word_1_164' title='bbox 327 2464 539 2543; x_wconf 88' lang='lat' dir='ltr'><strong>retorquetur.</strong></span> 
     </span>
    </p>

    <p class='ocr_par' dir='ltr' id='par_1_5' title="bbox 326 2563 1512 3175">
     <span class='ocr_line' id='line_1_21' title="bbox 413 2563 1512 2647; baseline 0.003 -21"><span class='ocrx_word' id='word_1_165' title='bbox 413 2563 443 2626; x_wconf 92' lang='lat' dir='ltr'><strong>V</strong></span> <span class='ocrx_word' id='word_1_166' title='bbox 461 2567 512 2644; x_wconf 87' lang='grc'><strong>24,</strong></span> <span class='ocrx_word' id='word_1_167' title='bbox 530 2565 581 2628; x_wconf 86' lang='lat'><strong>30.</strong></span> <span class='ocrx_word' id='word_1_168' title='bbox 621 2563 858 2646; x_wconf 87' lang='lat' dir='ltr'><strong>Stipulatio</strong></span> <span class='ocrx_word' id='word_1_169' title='bbox 882 2568 930 2627; x_wconf 91' lang='lat' dir='ltr'><strong>est</strong></span> <span class='ocrx_word' id='word_1_170' title='bbox 950 2564 1117 2646; x_wconf 89' lang='lat' dir='ltr'><strong>promissio</strong></span> <span class='ocrx_word' id='word_1_171' title='bbox 1141 2564 1191 2627; x_wconf 88' lang='lat' dir='ltr'><strong>vel</strong></span> <span class='ocrx_word' id='word_1_172' title='bbox 1208 2563 1346 2647; x_wconf 82' lang='lat' dir='ltr'><strong>sponsio,</strong></span> <span class='ocrx_word' id='word_1_173' title='bbox 1371 2567 1453 2628; x_wconf 90' lang='lat' dir='ltr'><strong>unde</strong></span> <span class='ocrx_word' id='word_1_174' title='bbox 1474 2571 1512 2629; x_wconf 80' lang='lat' dir='ltr'><strong>et.</strong></span> 
     </span>
     <span class='ocr_line' id='line_1_22' title="bbox 326 2667 1505 2752; baseline 0 -20"><span class='ocrx_word' id='word_1_175' title='bbox 326 2669 534 2752; x_wconf 87' lang='lat' dir='ltr'><strong>promissores</strong></span> <span class='ocrx_word' id='word_1_176' title='bbox 558 2667 762 2750; x_wconf 86' lang='lat' dir='ltr'><strong>stipulatores</strong></span> <span class='ocrx_word' id='word_1_177' title='bbox 787 2673 957 2741; x_wconf 63' lang='lat' dir='ltr'><strong>uocantum</strong></span> <span class='ocrx_word' id='word_1_178' title='bbox 983 2669 1068 2732; x_wconf 89' lang='lat' dir='ltr'><strong>dicta</strong></span> <span class='ocrx_word' id='word_1_179' title='bbox 1090 2673 1195 2732; x_wconf 89' lang='lat' dir='ltr'><strong>autem</strong></span> <span class='ocrx_word' id='word_1_180' title='bbox 1218 2669 1388 2752; x_wconf 87' lang='lat' dir='ltr'><strong>stipulatio</strong></span> <span class='ocrx_word' id='word_1_181' title='bbox 1412 2693 1431 2732; x_wconf 91' lang='lat' dir='ltr'><strong>a</strong></span> <span class='ocrx_word' id='word_1_182' title='bbox 1447 2671 1505 2733; x_wconf 90' lang='lat' dir='ltr'><strong>sti-</strong></span> 
     </span>
     <span class='ocr_line' id='line_1_23' title="bbox 327 2772 1506 2860; baseline 0.004 -25"><span class='ocrx_word' id='word_1_183' title='bbox 327 2772 419 2855; x_wconf 87' lang='lat' dir='ltr'><strong>pula:</strong></span> <span class='ocrx_word' id='word_1_184' title='bbox 444 2779 564 2837; x_wconf 89' lang='lat' dir='ltr'><strong>veteres</strong></span> <span class='ocrx_word' id='word_1_185' title='bbox 587 2773 680 2851; x_wconf 90' lang='lat' dir='ltr'><strong>enim,</strong></span> <span class='ocrx_word' id='word_1_186' title='bbox 705 2775 833 2855; x_wconf 90' lang='lat' dir='ltr'><strong>qnando</strong></span> <span class='ocrx_word' id='word_1_187' title='bbox 856 2775 917 2837; x_wconf 88' lang='lat' dir='ltr'><strong>sibi</strong></span> <span class='ocrx_word' id='word_1_188' title='bbox 941 2775 1061 2858; x_wconf 87' lang='lat' dir='ltr'><strong>aliquid</strong></span> <span class='ocrx_word' id='word_1_189' title='bbox 1086 2775 1327 2856; x_wconf 87' lang='lat' dir='ltr'><strong>promittebant,</strong></span> <span class='ocrx_word' id='word_1_190' title='bbox 1352 2777 1506 2860; x_wconf 90' lang='lat' dir='ltr'><strong>stipulam</strong></span> 
     </span>
     <span class='ocr_line' id='line_1_24' title="bbox 327 2877 1511 2963; baseline 0.003 -22"><span class='ocrx_word' id='word_1_191' title='bbox 327 2882 470 2941; x_wconf 89' lang='lat' dir='ltr'><strong>tenentes</strong></span> <span class='ocrx_word' id='word_1_192' title='bbox 502 2877 711 2961; x_wconf 77' lang='lat' dir='ltr'><strong>frangebant,</strong></span> <span class='ocrx_word' id='word_1_193' title='bbox 746 2901 841 2960; x_wconf 91' lang='lat' dir='ltr'><strong>quam</strong></span> <span class='ocrx_word' id='word_1_194' title='bbox 871 2879 986 2942; x_wconf 90' lang='lat' dir='ltr'><strong>iterum</strong></span> <span class='ocrx_word' id='word_1_195' title='bbox 1019 2879 1188 2962; x_wconf 84' lang='lat' dir='ltr'><strong>iungentes</strong></span> <span class='ocrx_word' id='word_1_196' title='bbox 1220 2881 1403 2963; x_wconf 88' lang='lat' dir='ltr'><strong>sponsiones</strong></span> <span class='ocrx_word' id='word_1_197' title='bbox 1431 2904 1511 2944; x_wconf 84' lang='lat' dir='ltr'><strong>suas</strong></span> 
     </span>
     <span class='ocr_line' id='line_1_25' title="bbox 326 2982 1503 3067; baseline 0.002 -21"><span class='ocrx_word' id='word_1_198' title='bbox 326 2982 555 3066; x_wconf 83' lang='lat' dir='ltr'><strong>agnoscebant,</strong></span> <span class='ocrx_word' id='word_1_199' title='bbox 589 2984 655 3047; x_wconf 85' lang='lat' dir='ltr'><strong>sive</strong></span> <span class='ocrx_word' id='word_1_200' title='bbox 678 2985 762 3067; x_wconf 89' lang='lat' dir='ltr'><strong>quod</strong></span> <span class='ocrx_word' id='word_1_201' title='bbox 786 2985 941 3067; x_wconf 89' lang='lat' dir='ltr'><strong>stipulum</strong></span> <span class='ocrx_word' id='word_1_202' title='bbox 965 2986 1055 3048; x_wconf 83' lang='lat' dir='ltr'><strong>iuxta</strong></span> <span class='ocrx_word' id='word_1_203' title='bbox 1079 2984 1213 3048; x_wconf 88' lang='lat' dir='ltr'><strong>Paulum</strong></span> <span class='ocrx_word' id='word_1_204' title='bbox 1237 2985 1423 3048; x_wconf 88' lang='lat' dir='ltr'><strong>iuridicum¹</strong></span> <span class='ocrx_word' id='word_1_205' title='bbox 1449 2986 1503 3048; x_wconf 87' lang='lat' dir='ltr'><strong>fir-</strong></span> 
     </span>
     <span class='ocr_line' id='line_1_26' title="bbox 327 3088 1506 3175; baseline 0.003 -25"><span class='ocrx_word' id='word_1_206' title='bbox 327 3110 411 3150; x_wconf 89' lang='lat' dir='ltr'><strong>mum</strong></span> <span class='ocrx_word' id='word_1_207' title='bbox 430 3088 679 3170; x_wconf 83' lang='lat' dir='ltr'><strong>appellaverunt.</strong></span> <span class='ocrx_word' id='word_1_208' title='bbox 713 3091 764 3154; x_wconf 84' lang='lat'><strong>31.</strong></span> <span class='ocrx_word' id='word_1_209' title='bbox 790 3089 1098 3153; x_wconf 84' lang='lat' dir='ltr'><strong>Sacramentum</strong></span> <span class='ocrx_word' id='word_1_210' title='bbox 1115 3095 1163 3154; x_wconf 92' lang='lat' dir='ltr'><strong>est</strong></span> <span class='ocrx_word' id='word_1_211' title='bbox 1178 3092 1295 3175; x_wconf 87' lang='lat' dir='ltr'><strong>pignus</strong></span> <span class='ocrx_word' id='word_1_212' title='bbox 1312 3091 1506 3174; x_wconf 80' lang='lat' dir='ltr'><strong>sponsionis</strong></span> 
     </span>
    </p>

    <p class='ocr_par' dir='ltr' id='par_1_6' title="bbox 324 3189 1512 3485">
     <span class='ocr_line' id='line_1_27' title="bbox 417 3189 1512 3277; baseline 0.005 -24"><span class='ocrx_word' id='word_1_213' title='bbox 417 3189 453 3269; x_wconf 88' lang='lat' dir='ltr'><strong>V,</strong></span> <span class='ocrx_word' id='word_1_214' title='bbox 479 3195 530 3270; x_wconf 87' lang='grc'><strong>25,</strong></span> <span class='ocrx_word' id='word_1_215' title='bbox 549 3194 607 3256; x_wconf 84' lang='grc'><strong>11.</strong></span> <span class='ocrx_word' id='word_1_216' title='bbox 654 3191 781 3256; x_wconf 85' lang='lat' dir='ltr'><strong>Finium</strong></span> <span class='ocrx_word' id='word_1_217' title='bbox 806 3193 1020 3276; x_wconf 84' lang='lat' dir='ltr'><strong>regundorum</strong></span> <span class='ocrx_word' id='word_1_218' title='bbox 1045 3194 1127 3257; x_wconf 87' lang='lat' dir='ltr'><strong>actio</strong></span> <span class='ocrx_word' id='word_1_219' title='bbox 1151 3194 1311 3272; x_wconf 88' lang='lat' dir='ltr'><strong>dictaeo,</strong></span> <span class='ocrx_word' id='word_1_220' title='bbox 1342 3196 1426 3277; x_wconf 93' lang='lat' dir='ltr'><strong>quod</strong></span> <span class='ocrx_word' id='word_1_221' title='bbox 1450 3217 1512 3277; x_wconf 85' lang='lat' dir='ltr'><strong>per</strong></span> 
     </span>
     <span class='ocr_line' id='line_1_28' title="bbox 326 3297 1509 3384; baseline 0.002 -24"><span class='ocrx_word' id='word_1_222' title='bbox 326 3321 394 3360; x_wconf 88' lang='lat' dir='ltr'><strong>eam</strong></span> <span class='ocrx_word' id='word_1_223' title='bbox 417 3301 571 3379; x_wconf 88' lang='lat' dir='ltr'><strong>regantur</strong></span> <span class='ocrx_word' id='word_1_224' title='bbox 586 3298 665 3360; x_wconf 91' lang='lat' dir='ltr'><strong>fines</strong></span> <span class='ocrx_word' id='word_1_225' title='bbox 682 3297 819 3380; x_wconf 88' lang='lat' dir='ltr'><strong>utrique,</strong></span> <span class='ocrx_word' id='word_1_226' title='bbox 839 3319 879 3360; x_wconf 88' lang='lat' dir='ltr'><strong>ne</strong></span> <span class='ocrx_word' id='word_1_227' title='bbox 895 3297 1099 3380; x_wconf 88' lang='lat' dir='ltr'><strong>dissipentur,</strong></span> <span class='ocrx_word' id='word_1_228' title='bbox 1118 3299 1287 3362; x_wconf 91' lang='lat' dir='ltr'><strong>dummodo</strong></span> <span class='ocrx_word' id='word_1_229' title='bbox 1303 3298 1383 3362; x_wconf 78' lang='lat' dir='ltr'><strong>non²</strong></span> <span class='ocrx_word' id='word_1_230' title='bbox 1401 3321 1509 3384; x_wconf 86' lang='lat' dir='ltr'><strong>ango--</strong></span> 
     </span>
     <span class='ocr_line' id='line_1_29' title="bbox 324 3400 1190 3485; baseline 0 -19"><span class='ocrx_word' id='word_1_231' title='bbox 324 3403 422 3466; x_wconf 91' lang='lat' dir='ltr'><strong>stiore</strong></span> <span class='ocrx_word' id='word_1_232' title='bbox 445 3403 586 3485; x_wconf 89' lang='lat' dir='ltr'><strong>quinque</strong></span> <span class='ocrx_word' id='word_1_233' title='bbox 610 3401 724 3484; x_wconf 90' lang='lat' dir='ltr'><strong>pedum</strong></span> <span class='ocrx_word' id='word_1_234' title='bbox 746 3400 816 3466; x_wconf 89' lang='lat' dir='ltr'><strong>looo</strong></span> <span class='ocrx_word' id='word_1_235' title='bbox 840 3423 877 3464; x_wconf 89' lang='lat' dir='ltr'><strong>ea</strong></span> <span class='ocrx_word' id='word_1_236' title='bbox 900 3404 1116 3466; x_wconf 87' lang='lat' dir='ltr'><strong>controversia</strong></span> <span class='ocrx_word' id='word_1_237' title='bbox 1139 3403 1190 3467; x_wconf 92' lang='lat' dir='ltr'><strong>sit.</strong></span> 
     </span>
    </p>

    <p class='ocr_par' dir='ltr' id='par_1_7' title="bbox 323 3504 1511 4117">
     <span class='ocr_line' id='line_1_30' title="bbox 412 3504 1509 3593; baseline 0.002 -26"><span class='ocrx_word' id='word_1_238' title='bbox 412 3505 452 3583; x_wconf 92' lang='lat' dir='ltr'><strong>V,</strong></span> <span class='ocrx_word' id='word_1_239' title='bbox 477 3506 529 3584; x_wconf 85' lang='lat'><strong>25,</strong></span> <span class='ocrx_word' id='word_1_240' title='bbox 555 3508 604 3570; x_wconf 88' lang='grc'><strong>14.</strong></span> <span class='ocrx_word' id='word_1_241' title='bbox 651 3504 730 3570; x_wconf 88' lang='lat' dir='ltr'><strong>Res</strong></span> <span class='ocrx_word' id='word_1_242' title='bbox 754 3507 923 3570; x_wconf 87' lang='lat' dir='ltr'><strong>credita</strong></span> <span class='ocrx_word' id='word_1_243' title='bbox 946 3512 1009 3582; x_wconf 89' lang='lat' dir='ltr'><strong>est,</strong></span> <span class='ocrx_word' id='word_1_244' title='bbox 1042 3529 1123 3591; x_wconf 88' lang='lat' dir='ltr'><strong>quae</strong></span> <span class='ocrx_word' id='word_1_245' title='bbox 1145 3509 1178 3571; x_wconf 92' lang='lat' dir='ltr'><strong>in</strong></span> <span class='ocrx_word' id='word_1_246' title='bbox 1203 3509 1432 3593; x_wconf 82' lang='lat' dir='ltr'><strong>obligationem</strong></span> <span class='ocrx_word' id='word_1_247' title='bbox 1456 3511 1509 3572; x_wconf 88' lang='lat' dir='ltr'><strong>ita.</strong></span> 
     </span>
     <span class='ocr_line' id='line_1_31' title="bbox 325 3613 1509 3694; baseline 0.002 -20"><span class='ocrx_word' id='word_1_248' title='bbox 325 3613 458 3676; x_wconf 88' lang='lat' dir='ltr'><strong>deducta</strong></span> <span class='ocrx_word' id='word_1_249' title='bbox 482 3618 538 3689; x_wconf 90' lang='lat' dir='ltr'><strong>est,</strong></span> <span class='ocrx_word' id='word_1_250' title='bbox 564 3616 599 3674; x_wconf 91' lang='lat' dir='ltr'><strong>ut</strong></span> <span class='ocrx_word' id='word_1_251' title='bbox 622 3634 660 3674; x_wconf 90' lang='lat' dir='ltr'><strong>ex</strong></span> <span class='ocrx_word' id='word_1_252' title='bbox 683 3615 834 3693; x_wconf 90' lang='lat' dir='ltr'><strong>tempore,</strong></span> <span class='ocrx_word' id='word_1_253' title='bbox 861 3634 923 3694; x_wconf 92' lang='lat' dir='ltr'><strong>quo</strong></span> <span class='ocrx_word' id='word_1_254' title='bbox 940 3613 1198 3692; x_wconf 88' lang='lat' dir='ltr'><strong>contrahebatur,</strong></span> <span class='ocrx_word' id='word_1_255' title='bbox 1222 3621 1344 3678; x_wconf 89' lang='lat' dir='ltr'><strong>certum</strong></span> <span class='ocrx_word' id='word_1_256' title='bbox 1368 3615 1410 3678; x_wconf 89' lang='lat' dir='ltr'><strong>sit</strong></span> <span class='ocrx_word' id='word_1_257' title='bbox 1433 3637 1509 3678; x_wconf 63' lang='lat' dir='ltr'><strong>eam,</strong></span> 
     </span>
     <span class='ocr_line' id='line_1_32' title="bbox 324 3715 1505 3800; baseline 0.003 -22"><span class='ocrx_word' id='word_1_258' title='bbox 324 3716 440 3779; x_wconf 91' lang='lat' dir='ltr'><strong>deberi.</strong></span> <span class='ocrx_word' id='word_1_259' title='bbox 492 3718 541 3779; x_wconf 81' lang='lat'><strong>16.</strong></span> <span class='ocrx_word' id='word_1_260' title='bbox 575 3715 887 3780; x_wconf 82' lang='lat' dir='ltr'><strong>Oomruodatum</strong></span> <span class='ocrx_word' id='word_1_261' title='bbox 920 3718 1031 3795; x_wconf 84' lang='lat' dir='ltr'><strong>estid,</strong></span> <span class='ocrx_word' id='word_1_262' title='bbox 1066 3720 1148 3800; x_wconf 92' lang='lat' dir='ltr'><strong>quod</strong></span> <span class='ocrx_word' id='word_1_263' title='bbox 1173 3719 1274 3783; x_wconf 88' lang='lat' dir='ltr'><strong>nostri</strong></span> <span class='ocrx_word' id='word_1_264' title='bbox 1297 3720 1375 3782; x_wconf 89' lang='lat' dir='ltr'><strong>iuris</strong></span> <span class='ocrx_word' id='word_1_265' title='bbox 1399 3723 1447 3783; x_wconf 90' lang='lat' dir='ltr'><strong>est</strong></span> <span class='ocrx_word' id='word_1_266' title='bbox 1472 3725 1505 3783; x_wconf 89' lang='lat' dir='ltr'><strong>et</strong></span> 
     </span>
     <span class='ocr_line' id='line_1_33' title="bbox 325 3820 1507 3906; baseline 0.005 -24"><span class='ocrx_word' id='word_1_267' title='bbox 325 3820 363 3882; x_wconf 92' lang='lat' dir='ltr'><strong>ad</strong></span> <span class='ocrx_word' id='word_1_268' title='bbox 394 3820 530 3883; x_wconf 88' lang='lat' dir='ltr'><strong>alterum</strong></span> <span class='ocrx_word' id='word_1_269' title='bbox 559 3821 778 3903; x_wconf 89' lang='lat' dir='ltr'><strong>temporaliter</strong></span> <span class='ocrx_word' id='word_1_270' title='bbox 812 3822 1003 3886; x_wconf 87' lang='lat' dir='ltr'><strong>translat-um</strong></span> <span class='ocrx_word' id='word_1_271' title='bbox 1037 3827 1085 3886; x_wconf 91' lang='lat' dir='ltr'><strong>est</strong></span> <span class='ocrx_word' id='word_1_272' title='bbox 1117 3846 1188 3886; x_wconf 92' lang='lat' dir='ltr'><strong>cum</strong></span> <span class='ocrx_word' id='word_1_273' title='bbox 1218 3824 1311 3887; x_wconf 89' lang='lat' dir='ltr'><strong>modo</strong></span> <span class='ocrx_word' id='word_1_274' title='bbox 1340 3825 1507 3906; x_wconf 66' lang='lat' dir='ltr'><strong>temporis</strong></span> 
     </span>
     <span class='ocr_line' id='line_1_34' title="bbox 323 3926 1506 4009; baseline 0.004 -21"><span class='ocrx_word' id='word_1_275' title='bbox 323 3926 476 4009; x_wconf 87' lang='lat' dir='ltr'><strong>quamdiu</strong></span> <span class='ocrx_word' id='word_1_276' title='bbox 499 3927 582 4008; x_wconf 90' lang='lat' dir='ltr'><strong>apud</strong></span> <span class='ocrx_word' id='word_1_277' title='bbox 606 3948 677 3988; x_wconf 90' lang='lat' dir='ltr'><strong>eum</strong></span> <span class='ocrx_word' id='word_1_278' title='bbox 700 3926 867 3988; x_wconf 91' lang='lat' dir='ltr'><strong>commodo</strong></span> <span class='ocrx_word' id='word_1_279' title='bbox 890 3927 941 4001; x_wconf 87' lang='lat' dir='ltr'><strong>sit,</strong></span> <span class='ocrx_word' id='word_1_280' title='bbox 968 3928 1049 3990; x_wconf 91' lang='lat' dir='ltr'><strong>unde</strong></span> <span class='ocrx_word' id='word_1_281' title='bbox 1072 3934 1104 3989; x_wconf 90' lang='lat' dir='ltr'><strong>et</strong></span> <span class='ocrx_word' id='word_1_282' title='bbox 1124 3929 1357 3992; x_wconf 90' lang='lat' dir='ltr'><strong>commodatum</strong></span> <span class='ocrx_word' id='word_1_283' title='bbox 1383 3929 1506 3993; x_wconf 87' lang='lat' dir='ltr'><strong>dictum</strong></span> 
     </span>
     <span class='ocr_line' id='line_1_35' title="bbox 323 4029 1511 4117; baseline 0.002 -23"><span class='ocrx_word' id='word_1_284' title='bbox 323 4034 379 4094; x_wconf 89' lang='lat' dir='ltr'><strong>est.</strong></span> <span class='ocrx_word' id='word_1_285' title='bbox 427 4031 477 4097; x_wconf 80' lang='lat'><strong>17.</strong></span> <span class='ocrx_word' id='word_1_286' title='bbox 504 4029 747 4093; x_wconf 88' lang='lat' dir='ltr'><strong>Precarium</strong></span> <span class='ocrx_word' id='word_1_287' title='bbox 770 4035 828 4106; x_wconf 90' lang='lat' dir='ltr'><strong>est,</strong></span> <span class='ocrx_word' id='word_1_288' title='bbox 854 4030 1044 4113; x_wconf 20' lang='lat' dir='ltr'><strong>dumuprece</strong></span> <span class='ocrx_word' id='word_1_289' title='bbox 1068 4033 1206 4096; x_wconf 90' lang='lat' dir='ltr'><strong>creditor</strong></span> <span class='ocrx_word' id='word_1_290' title='bbox 1222 4037 1354 4117; x_wconf 87' lang='lat' dir='ltr'><strong>rogatus</strong></span> <span class='ocrx_word' id='word_1_291' title='bbox 1372 4033 1511 4115; x_wconf 76' lang='lat' dir='ltr'><strong>permit·</strong></span> 
     </span>
    </p>
   </div>
   <div class='ocr_carea' id='block_1_3' title="bbox 325 4195 525 4202">
    <p class='ocr_par' dir='ltr' id='par_1_8' title="bbox 325 4195 525 4202">
     <span class='ocr_line' id='line_1_36' title="bbox 325 4195 525 4202; baseline 0 -2"><span class='ocrx_word' id='word_1_292' title='bbox 325 4195 525 4202; x_wconf 76' lang='lat'><em>———-—.-—</em></span> 
     </span>
    </p>
   </div>
   <div class='ocr_carea' id='block_1_4' title="bbox 411 4291 1503 4362">
    <p class='ocr_par' dir='ltr' id='par_1_9' title="bbox 411 4291 1503 4362">
     <span class='ocr_line' id='line_1_37' title="bbox 411 4291 1503 4362; baseline 0.007 -20"><span class='ocrx_word' id='word_1_293' title='bbox 411 4291 437 4357; x_wconf 82' lang='lat'><strong>1)</strong></span> <span class='ocrx_word' id='word_1_294' title='bbox 462 4297 526 4344; x_wconf 83' lang='lat' dir='ltr'><strong>seut</strong></span> <span class='ocrx_word' id='word_1_295' title='bbox 553 4295 627 4357; x_wconf 83' lang='lat'><strong>5‚7,1.</strong></span> <span class='ocrx_word' id='word_1_296' title='bbox 657 4321 689 4329; x_wconf 95' lang='lat'>-</span> <span class='ocrx_word' id='word_1_297' title='bbox 717 4293 746 4360; x_wconf 73' lang='grc'><strong>21</strong></span> <span class='ocrx_word' id='word_1_298' title='bbox 772 4309 828 4347; x_wconf 90' lang='lat' dir='ltr'><strong>non</strong></span> <span class='ocrx_word' id='word_1_299' title='bbox 853 4293 991 4345; x_wconf 77' lang='lat' dir='ltr'><strong>delendum</strong></span> <span class='ocrx_word' id='word_1_300' title='bbox 1009 4299 1093 4347; x_wconf 75' lang='lat' dir='ltr'><strong>causet</strong></span> <span class='ocrx_word' id='word_1_301' title='bbox 1112 4293 1284 4362; x_wconf 68' lang='lat' dir='ltr'><strong>Augustinus</strong></span> <span class='ocrx_word' id='word_1_302' title='bbox 1310 4295 1347 4347; x_wconf 86' lang='lat' dir='ltr'><strong>od</strong></span> <span class='ocrx_word' id='word_1_303' title='bbox 1365 4295 1431 4350; x_wconf 80' lang='lat' dir='ltr'><strong>XII</strong></span> <span class='ocrx_word' id='word_1_304' title='bbox 1448 4297 1503 4350; x_wconf 79' lang='lat' dir='ltr'><strong>tab.</strong></span> 
     </span>
    </p>
   </div>
   <div class='ocr_carea' id='block_1_5' title="bbox 321 4376 1509 4535">
    <p class='ocr_par' dir='ltr' id='par_1_10' title="bbox 321 4376 1509 4535">
     <span class='ocr_line' id='line_1_38' title="bbox 322 4376 1509 4450; baseline 0.008 -21"><span class='ocrx_word' id='word_1_305' title='bbox 322 4394 343 4429; x_wconf 88' lang='lat' dir='ltr'><strong>c.</strong></span> <span class='ocrx_word' id='word_1_306' title='bbox 356 4380 401 4442; x_wconf 77' lang='lat'><strong>20,</strong></span> <span class='ocrx_word' id='word_1_307' title='bbox 421 4376 457 4430; x_wconf 85' lang='lat' dir='ltr'><strong>od</strong></span> <span class='ocrx_word' id='word_1_308' title='bbox 477 4379 692 4431; x_wconf 71' lang='lat' dir='ltr'><strong>‘conuooersc&#39;oru</strong></span> <span class='ocrx_word' id='word_1_309' title='bbox 711 4378 742 4431; x_wconf 86' lang='lat' dir='ltr'><strong>de</strong></span> <span class='ocrx_word' id='word_1_310' title='bbox 763 4379 827 4432; x_wconf 86' lang='lat' dir='ltr'><strong>loco&#39;</strong></span> <span class='ocrx_word' id='word_1_311' title='bbox 846 4387 965 4446; x_wconf 79' lang='lat' dir='ltr'><strong>spectare</strong></span> <span class='ocrx_word' id='word_1_312' title='bbox 977 4381 1112 4434; x_wconf 69' lang='lat' dir='ltr'><strong>ludorum</strong></span> <span class='ocrx_word' id='word_1_313' title='bbox 1127 4388 1211 4450; x_wconf 81' lang='lat' dir='ltr'><strong>putot</strong></span> <span class='ocrx_word' id='word_1_314' title='bbox 1230 4383 1300 4435; x_wconf 77' lang='lat' dir='ltr'><strong>Ruri.</strong></span> <span class='ocrx_word' id='word_1_315' title='bbox 1320 4383 1509 4438; x_wconf 69' lang='lat' dir='ltr'><strong>eduaFeldm.</strong></span> 
     </span>
     <span class='ocr_line' id='line_1_39' title="bbox 321 4465 973 4535; baseline 0.012 -20"><span class='ocrx_word' id='word_1_316' title='bbox 321 4467 399 4529; x_wconf 75' lang='lat'><strong>2,443</strong></span> <span class='ocrx_word' id='word_1_317' title='bbox 421 4481 446 4516; x_wconf 87' lang='lat' dir='ltr'><strong>u.</strong></span> <span class='ocrx_word' id='word_1_318' title='bbox 466 4468 521 4516; x_wconf 86' lang='lat'><em>535.</em></span> <span class='ocrx_word' id='word_1_319' title='bbox 562 4466 602 4529; x_wconf 76' lang='lat' dir='ltr'><strong>Of.</strong></span> <span class='ocrx_word' id='word_1_320' title='bbox 622 4465 700 4531; x_wconf 81' lang='lat' dir='ltr'><strong>iufra</strong></span> <span class='ocrx_word' id='word_1_321' title='bbox 715 4484 743 4533; x_wconf 86' lang='lat' dir='ltr'><strong>p.</strong></span> <span class='ocrx_word' id='word_1_322' title='bbox 760 4469 800 4529; x_wconf 89' lang='grc'><strong>91,</strong></span> <span class='ocrx_word' id='word_1_323' title='bbox 822 4472 907 4522; x_wconf 87' lang='lat'><strong>13:</strong></span> <span class='ocrx_word' id='word_1_324' title='bbox 926 4469 973 4535; x_wconf 74' lang='lat'><em>(4).</em></span> 
     </span>
    </p>
   </div>
   <div class='ocr_carea' id='block_1_6' title="bbox 1668 4045 1676 4136">
    <p class='ocr_par' dir='ltr' id='par_1_11' title="bbox 1668 4045 1676 4136">
     <span class='ocr_line' id='line_1_40' title="bbox 1668 4045 1676 4136; baseline 0 0"><span class='ocrx_word' id='word_1_325' title='bbox 1668 4045 1676 4136; x_wconf 84' lang='lat' dir='ltr'><strong>l</strong></span> 
     </span>
    </p>
   </div>
   <div class='ocr_carea' id='block_1_7' title="bbox 0 0 1704 5254">
    <p class='ocr_par' dir='ltr' id='par_1_12' title="bbox 0 0 1704 5254">
     <span class='ocr_line' id='line_1_41' title="bbox 0 0 1704 5254; baseline 0 3"><span class='ocrx_word' id='word_1_326' title='bbox 0 0 1704 5254; x_wconf 95' lang='lat' dir='ltr'><strong> </strong></span> 
     </span>
    </p>
   </div>
  </div>
 </body>
</html>
