3386 5240
293 411 335 478 22
706 411 791 480 Leges
809 410 862 466 XII
880 413 1052 467 tabularum.

385 591 415 655 3.
456 588 559 655 Cicero
584 589 676 670 (pute.
700 590 864 673 2,28,69);
888 588 980 656 Illam
1005 613 1093 656 suam
1117 615 1189 658 suas
1214 615 1262 660 res
1280 592 1341 658 sibi
1356 592 1477 658 habere

294 697 389 759 iussit
413 716 451 760 ex
472 692 536 761 XII
561 693 626 760 tab.
651 695 754 760 claves
777 696 904 773 ademit,
929 697 1042 780 exegit.

382 799 411 864 4.
450 799 573 864 Gellius
611 799 787 886 (3,16,12);
822 803 974 886 comperi,
1006 801 1158 868 feminam
1180 841 1224 852 -
1247 804 1280 867 in
1310 804 1478 870 undecimo

294 929 402 972 mense
425 910 499 992 pust
521 906 630 972 mariti
657 911 789 972 mortem
814 907 983 991 peperisse,
1007 909 1190 992 factumque
1213 929 1280 972 esse
1299 909 1477 994 negotium,

295 1011 386 1098 quasi
410 1012 528 1076 marito
553 1016 680 1076 mortuo
705 1019 815 1096 postea
837 1013 1046 1097 concepisset,
1077 1014 1227 1097 quonism
1251 1014 1417 1078 decemviri
1440 1014 1475 1078 in

295 1116 401 1183 decem
427 1116 588 1182 mensibus
613 1119 705 1203 gigni
730 1117 900 1195 hominem,
934 1141 998 1184 aon
1021 1119 1053 1184 in
1078 1119 1242 1184 undecimo
1264 1119 1476 1204 scripsissent.

768 1291 945 1359 TABULA
969 1293 1008 1357 V.

384 1437 411 1501 1.
451 1435 554 1500 Gaius
570 1434 774 1516 (tale—u:
798 1434 932 1500 Veteres
948 1471 985 1482 -
1006 1435 1175 1500 voluerunt
1190 1436 1333 1511 feminas,
1350 1436 1475 1502 etiarnsi

296 1541 456 1624 perfectae
482 1541 596 1604 aetatis
619 1540 696 1617 sint,
720 1577 762 1586 —
788 1542 820 1602 in
845 1541 946 1604 tutela
969 1563 1052 1617 esse3
1087 1577 1119 1587 -
1143 1541 1281 1625 exceptis
1297 1542 1479 1625 virginibus

294 1645 501 1722 Vestalibus,
532 1665 611 1729 quas
634 1683 675 1694 -
699 1645 818 1710 liberas
849 1668 915 1710 esse
938 1646 1121 1710 voluerunt:
1155 1646 1264 1730 itaque
1287 1647 1381 1711 etiam
1405 1648 1478 1732 lege

294 1748 356 1814 XII
378 1751 443 1814 tab.
468 1755 596 1814 cautum
620 1754 676 1814 est,

383 1857 412 1920 2.
451 1854 555 1918 Gaius
579 1853 704 1941 (2,47):
729 1855 881 1931 Mulieris,
906 1854 1042 1938 quaein
1067 1861 1256 1940 agnatorum
1280 1855 1381 1920 tutela
1397 1862 1478 1935 erat,

296 1984 346 2028 res
382 1959 532 2042 mancipii
568 1981 627 2023 usu
659 1959 729 2044 capi
762 1981 825 2026 non
857 1963 1018 2043 poterant,
1050 1964 1269 2044 praeterquam
1294 1962 1320 2025 si
1344 1962 1476 2045 abipsa

296 2069 404 2130 tutore
429 2064 584 2147 [arrctore]
609 2065 747 2128 traditae
772 2068 893 2130 essent:
918 2065 1042 2148 idlque]
1065 2066 1112 2130 ita
1133 2066 1204 2150 lege
1219 2065 1281 2131 XII
1293 2067 1358 2130 tab.
1385 2067 1478 2152 [cau-

295 2176 363 2238 tum
386 2173 480 2254 erati.
684 2167 691 2172 ’
883 2249 885 2252 ¹
1202 2201 1203 2205 ¹

385 2278 415 2341 3.
461 2273 522 2340 Urr
545 2299 678 2342 nuoessrr
702 2303 792 2344 surra
813 2301 931 2342 eaouun
950 2299 1097 2341 rursuavn
1113 2300 1183 2342 suaa
1199 2301 1255 2352 aur,
1274 2301 1321 2342 rra
1337 2301 1381 2342 rus
1398 2301 1476 2342 asro.

302 2422 504 2430 ...ῳ-...-

297 2495 376 2556 νόμον
397 2519 429 2528 -
450 2493 473 2540 ei
497 2518 523 2527 -
545 2491 611 2540 δέκα
630 2491 723 2553 ἄνδρες
742 2491 796 2553 ἅμα
815 2495 869 2550 τοῖς
888 2488 980 2549 ἄλλοις
999 2489 1156 2554 ἀνέγραψαν
1170 2492 1271 2553 νόμοις,
1299 2493 1345 2542 καὶ
1363 2492 1430 2542 ἔστιν
1449 2492 1480 2541 ἐν

295 2584 325 2643 τῇ
344 2580 454 2644 τετάρτῃ
473 2582 522 2628 τῶν
541 2578 690 2641 λεγομένων
709 2577 814 2626 δώδεκα
833 2575 941 2626 δέλτων.
971 2571 1053 2640 Quem
1069 2572 1152 2627 Dion.
1167 2574 1260 2634 locum,
1281 2591 1314 2628 eu
1326 2591 1378 2643 quo
1390 2575 1475 2629 Diale·

298 2665 389 2718 seuius
408 2668 491 2716 toturn
510 2662 621 2716 Romuli
648 2662 679 2716 de
694 2664 788 2730 patria
802 2667 934 2730 potestate
952 2661 1032 2729 leuem
1050 2663 1080 2716 iu
1100 2660 1168 2714 XII
1180 2667 1311 2729 receptam
1330 2679 1383 2718 esse
1401 2664 1479 2718 eolle-

297 2755 383 2816 ,uerat
404 2750 440 2802 ad
457 2750 542 2803 selaeu
560 2749 737 2802 uenditioueu
754 2749 871 2816 filiorum
887 2749 1022 2816 pertinere
1040 2754 1108 2802 recte
1124 2755 1212 2803 ruauet
1229 2748 1290 2804 Sela
1305 2768 1334 2818 p.
1353 2753 1394 2805 52.

369 2845 393 2890 3.
424 2836 465 2902 Of.
481 2835 542 2890 Gai.
561 2838 577 2890 l.
592 2836 648 2890 III
663 2837 700 2889 ud
713 2836 783 2891 XII
797 2837 850 2892 aab.
870 2836 1062 2904 (1).48,5,43):
1083 2844 1108 2889 Si
1128 2859 1157 2890 ex
1176 2846 1230 2900 lege
1243 2845 1368 2904 repudium
1380 2847 1479 2890 missum

298 2946 345 2978 non
364 2933 395 2979 sit
415 2930 462 2978 cet.
484 2954 515 2964 -
541 2914 638 2992 Lepsia
664 2942 681 2977 a
700 2925 837 2980 Dielseuo
863 2926 986 2978 emissura
1010 2931 1078 2980 recte
1095 2927 1208 2980 tusuuu
1225 2924 1330 2980 Scheeil
1347 2929 1388 2978 57.
1425 2925 1479 2979 De

298 3013 378 3066 uortii
395 3011 521 3080 formula
547 3013 695 3080 posteriore
719 3019 834 3080 tempore
852 3013 926 3080 fuit:
955 3033 992 3066 res
1017 3024 1072 3066 tuas
1097 3019 1141 3065 tibi
1165 3018 1262 3067 habeto.
1300 3010 1337 3064 D.
1354 3015 1477 3079 24,2,2,1.

298 3098 390 3154 Pluut.
416 3098 513 3166 Amuli.
534 3101 600 3164 928,
632 3099 705 3154 Iria.
723 3102 789 3166 2663
815 3101 907 3168 priore
930 3085 1044 3168 teiapore
1057 3099 1159 3168 fursee:
1189 3107 1261 3152 bauto
1281 3108 1345 3152 tora·
1365 3100 1482 3154 ostendit

299 3186 457 3253 Buecheler,
484 3185 579 3240 Jahrb.
600 3187 675 3240 Pae.
696 3190 812 3254 105,565.
857 3187 942 3242 Varro
961 3204 1006 3254 ap.
1028 3187 1099 3241 Noa..
1120 3188 1187 3256 (77):
1213 3207 1288 3240 annos
1308 3195 1395 3242 multos
1414 3197 1479 3256 quod

298 3295 383 3340 parere
408 3295 438 3328 ea
462 3295 508 3326 non
537 3285 635 3342 poterat
659 3284 782 3330 mulierem
802 3283 868 3330 foras
888 3283 988 3330 baetere
1007 3284 1085 3330 iussit.
1122 3274 1215 3328 Plaut.
1236 3263 1294 3330 Oete.
1313 3279 1416 3342 2,2,35.·
1444 3283 1479 3330 Μ.

298 3369 397 3430 Semper
416 3373 443 3416 tu
464 3369 519 3416 huic
537 3370 610 3416 verbo
629 3372 720 3418 vitato!
749 3371 774 3416 G.
795 3371 838 3418 Cui
857 3371 948 3418 verbo?
976 3370 1009 3418 Μ.
1028 3371 1041 3416 Ι
1061 3371 1125 3416 foras
1145 3370 1241 3415 mulieri
1280 3361 1365 3418 Muri.
1378 3365 1480 3428 11‚104,

296 3454 326 3502 1:
344 3456 418 3512 Uxor,
439 3458 500 3503 vade
520 3458 594 3513 foras,
616 3463 659 3504 ant
679 3459 784 3506 moribus
803 3464 871 3504 utere
890 3459 985 3504 nostris,

370 3547 393 3590 4.
428 3536 487 3604 Uip.
507 3538 544 3592 ad
561 3538 624 3592 Sub.
650 3539 701 3608 (D.
722 3539 915 3607 38,16,3,9.1z):
946 3561 976 3590 ex
995 3549 1049 3604 lege
1068 3545 1117 3592 XII
1137 3543 1187 3590 tab.
1210 3544 1241 3590 ad
1260 3545 1394 3602 legitimam
1412 3546 1483 3592 here·

298 3631 400 3678 ditatam
419 3631 447 3686 is,
467 3633 550 3691 quiin
570 3637 639 3678 utero
659 3635 713 3690 tuit,
734 3635 882 3688 admittitur,
902 3633 922 3678 si
945 3633 1019 3678 luerit
1039 3633 1117 3679 editus
1136 3648 1183 3688 —3
1212 3637 1267 3692 post
1286 3634 1367 3680 decem
1387 3646 1483 3680 menses

298 3720 379 3764 mortis
399 3721 471 3764 natus
490 3732 537 3764 non
559 3720 707 3766 admittetur
729 3723 759 3766 ad
781 3721 913 3778 legitimam
931 3720 1101 3765 hereditatem.

370 3807 399 3852 V.
420 3807 443 3852 1.
472 3798 568 3852 Etiam
594 3800 625 3853 de
651 3800 796 3854 Vestalium
823 3799 1013 3855 hereditatibus
1039 3801 1092 3868 lepe
1112 3800 1179 3854 XII
1194 3801 1246 3856 tab.
1274 3807 1381 3854 cautuae
1398 3800 1486 3867 fuisse
1560 3829 1566 3842 ·

299 3889 402 3942 videtur
421 3887 511 3956 eolliyt'
526 3903 603 3956 posse
621 3905 653 3941 ese
668 3887 754 3942 Gellio
768 3888 904 3955 (1,1e,18):
923 3897 947 3941 in
967 3897 1147 3942 commentariis
1162 3894 1290 3949 Labeonis,
1310 3908 1373 3954 quae
1387 3895 1418 3940 ad
1431 3895 1481 3942 XII

299 3984 350 4030 tab.
372 3983 515 4043 composuit,
535 3985 570 4030 ita
589 3984 707 4043 seriptum
720 3988 772 4030 eat:
794 3983 875 4040 ‘Virgo
890 3983 997 4030 Vestalis
1017 3998 1095 4044 neque
1108 3984 1178 4030 heres
1191 3987 1228 4028 est
1240 3983 1352 4042 cuiquam
1365 3985 1487 4028 intestato

298 4086 376 4132 neque
395 4072 529 4116 intestatae
549 4071 687 4131 qnisquam.
724 4071 771 4119 Sed
791 4072 855 4118 bona
875 4073 927 4118 eius
945 4071 971 4116 iu
990 4072 1111 4132 publicum
1132 4071 1208 4130 redigi
1227 4071 1307 4126 aiunt,
1329 4070 1353 4116 id
1371 4083 1418 4130 quo
1431 4071 1485 4115 iure

299 4162 349 4216 fiat,
369 4158 510 4220 quaeritur'.
549 4150 590 4218 Cf.
611 4151 628 4204 l.
652 4150 729 4206 Nutu.
749 4155 774 4205 9.

375 4249 397 4292 2.
436 4238 478 4306 Of.
500 4237 669 4297 Gai.1.157:
689 4249 746 4292 olim
766 4271 796 4282 -
820 4257 937 4308 quantum
958 4249 988 4292 ad
1008 4247 1154 4294 1.X11tab.
1174 4247 1270 4296 attinet,
1291 4245 1363 4292 etiam
1378 4245 1486 4290 seminas

299 4340 401 4394 agnatos
420 4334 546 4380 habebant
565 4338 665 4380 tutores.

371 4425 394 4468 3.
429 4415 588 4482 Saepissime
612 4415 692 4468 liuius
717 4415 782 4484 lepis
800 4416 879 4472 uerba
897 4433 915 4470 u
933 4417 1063 4469 ueteribus
1082 4415 1247 4482 afferuntur,
1275 4412 1377 4466 diuersa
1395 4419 1484 4466 autera

307 4505 401 4558 eteocle:
421 4509 464 4556 ‘uti
483 4512 585 4568 legassit
604 4524 663 4557 suae
682 4513 724 4566 rei,
744 4514 758 4558 i.
774 4514 789 4558 i.
804 4527 826 4558 e.
843 4504 917 4567 (Gai.
930 4509 1017 4568 2224.
1046 4505 1113 4558 Iasi.
1131 4506 1195 4567 222
1211 4518 1251 4567 pr.
1271 4501 1363 4569 Pomp.
1383 4499 1419 4577 D.
1439 4505 1484 4576 50,
