3386 5240
718 352 805 422 Leges
825 353 876 407 Xii
895 353 1068 411 tubulorum.

394 532 424 594 4.
448 529 603 594 Munrsnss
616 552 705 593 esuis
717 552 752 593 us
768 552 911 607 nonense,
931 553 1003 596 neve
1014 553 1123 596 nussun
1132 555 1251 597 sununs
1263 557 1336 598 snoo
1348 559 1488 600 nsnunro.

361 685 364 694 .
394 637 423 700 5.
448 658 475 700 a.
524 635 641 700 Honrun
664 657 781 699 uounuo
804 659 1062 715 suessonense,
1086 659 1143 709 ouo
1167 640 1350 704 uosn'suuus
1375 663 1488 704 senus.

307 777 346 788 -
369 740 399 805 b.
427 739 533 805 OEeero
559 740 593 823 (i.
619 741 676 823 e.):
709 739 841 824 Excipit
873 741 1018 806 bellicam
1051 743 1316 828 peregrinamque
1340 749 1485 810 mortem.

392 845 420 910 6.
440 867 467 908 e.
511 843 617 910 Cicero
635 845 668 928 (l.
689 847 742 929 o.):
767 845 855 910 Haec
871 851 1035 930 praeterea
1058 853 1135 911 sunt
1149 848 1184 910 in
1200 848 1325 930 legibus
1338 871 1395 911 -ε
1420 872 1485 913 ser·

304 949 376 1014 vilis
405 954 540 1015 unctura
556 949 683 1014 tollitur
699 951 864 1035 omnisque
879 951 1132 1036 circumpoiatio
1154 989 1197 998 -
1222 949 1282 1015 ‘Ne
1298 957 1487 1035 sumptuosa

299 1055 478 1138 respersio,
512 1077 552 1118 ne
575 1055 691 1139 longae
714 1077 865 1134 coronae,
896 1078 937 1120 ne
960 1059 1105 1122 acerrae)
1138 1093 1176 1102 -
1201 1056 1232 1120 b.
1257 1055 1359 1120 Fess:
1394 1056 1483 1120 Mur·

304 1163 374 1222 rete
401 1159 531 1242 potione
560 1181 634 1223 usos
668 1161 815 1243 antiquos
842 1161 959 1225 indicio
988 1166 1050 1239 est,
1083 1161 1166 1246 quod
1189 1197 1230 1208 —
1255 1159 1319 1225 XII
1343 1163 1408 1238 tab,
1430 1184 1484 1226 oe·

304 1267 404 1340 vetur,
429 1286 469 1328 ne
492 1269 617 1328 mortuo
643 1266 780 1330 indetur.

394 1368 422 1432 7.
469 1367 528 1444 Qur
551 1392 683 1434 ooeonnn
706 1393 790 1434 prun
816 1393 876 1434 rnen
892 1392 1047 1434 Puoonrevu
1063 1393 1125 1433 urus
1146 1371 1293 1455 [nononis]
1317 1395 1489 1440 vrnuuursvn

302 1495 375 1536 seeo
399 1495 567 1538 nunuuruun
589 1497 617 1538 n1
640 1524 698 1541 ...

373 1637 397 1681 4.
427 1629 479 1684 Cic.
499 1631 526 1696 (l.
537 1647 559 1684 c.
577 1634 684 1699 24‚65).·
704 1640 740 1684 De
760 1639 875 1684 lamentis
888 1661 921 1669 -
936 1651 1053 1699 expresse
1071 1639 1152 1685 verbis
1170 1643 1240 1686 suut:
1262 1639 1382 1686 ‘mulieres
1394 1663 1429 1672 -
1441 1641 1485 1686 hs-

302 1722 392 1769 bento’.
429 1715 501 1770 Ibid.
521 1719 641 1786 (23,59):
659 1727 725 1772 tollit
744 1727 818 1772 etism
841 1727 1056 1772 lemeutetionem:
1075 1724 1196 1774 ‘mulieres
1216 1751 1247 1760 -
1262 1728 1385 1774 hebeuto’.
1403 1751 1438 1758 -
1455 1727 1486 1773 L.

302 1811 384 1856 Aelius
403 1812 492 1857 fessum
515 1815 586 1874 qussi
605 1815 732 1872 lugubrem
753 1815 919 1869 eiulationum,
946 1817 974 1858 ut
992 1827 1038 1859 vox
1056 1815 1110 1874 ipsa
1128 1812 1256 1871 signifioet,
1276 1815 1340 1874 quod
1359 1828 1387 1860 so
1407 1817 1484 1872 megis

301 1897 380 1943 iudioo
400 1911 482 1944 verum
502 1915 562 1957 osso,
582 1903 640 1963 quie
659 1902 698 1946 lex
718 1901 811 1946 Solonis
832 1901 856 1946 id
877 1903 954 1961 ipsum
974 1906 1049 1956 vetat.
1089 1893 1141 1947 Oto.
1161 1893 1251 1959 (Tute.
1264 1897 1394 1962 2,23,55):
1413 1903 1484 1948 fletus

301 1982 359 2041 (eor.
385 1983 471 2050 lessus)
499 2003 571 2050 quem
595 1990 646 2036 XII
663 1988 715 2034 tub.
744 1989 768 2033 iu
790 1987 916 2033 funeribus
941 1988 1052 2034 adhiberi
1070 1991 1163 2034 vetent.
1201 1980 1273 2034 Plio.
1301 1981 1336 2050 (it.
1357 1981 1486 2050 t.11‚58,

299 2065 375 2133 157):
402 2074 471 2120 Infre
490 2078 578 2124 ,oeulos
605 2078 684 2122 malos
703 2098 750 2131 -,
780 2088 841 2136 ques
869 2077 941 2137 prisoi
961 2075 1053 2135 ‘genes'
1070 2076 1191 2124 voosbsnt
1215 2077 1266 2122 XII
1286 2077 1336 2123 tub.
1355 2079 1486 2124 intordioto

299 2159 353 2204 redi
372 2174 387 2204 a
405 2159 500 2206 feminis
520 2167 640 2210 retentes.
680 2155 757 2211 Serv.
777 2157 1038 2225 (udAeu.12,606j:
1056 2170 1155 2210 oeutum
1172 2166 1227 2222 lege
1246 2164 1296 2210 XII
1308 2164 1369 2220 tob,
1388 2179 1418 2210 ue
1432 2180 1483 2210 mu·

299 2247 370 2292 lieres
390 2254 517 2310 serperent
537 2251 631 2308 faeiem,
653 2251 692 2296 his
712 2251 809 2296 verbIs:
838 2251 932 2296 ‘multer
951 2251 1037 2297 fsoiem
1055 2267 1086 2297 us
1105 2252 1214 2312 serpito’.
1250 2243 1323 2297 Fest.
1343 2244 1416 2313 (273)
1435 2252 1485 2296 ua-

299 2333 356 2381 dsre
374 2327 462 2398 ge[nes
482 2339 584 2383 vetitum
605 2343 642 2384 est
660 2331 697 2402 in]
718 2340 772 2396 lege
791 2339 850 2395 XII,
868 2339 894 2383 id
913 2342 950 2383 est
967 2339 1089 2395 unguibus
1109 2329 1227 2399 [louerere
1245 2333 1341 2395 mulas}

373 2424 395 2467 s.
410 2438 432 2470 e.
462 2415 515 2472 Cic.
535 2417 578 2487 (de
587 2417 634 2486 lep.
644 2417 780 2486 2,24‚60).·
798 2425 917 2480 funebria,
936 2425 1024 2486 quibus
1036 2427 1115 2470 luctus
1129 2429 1239 2482 augetur,
1254 2425 1304 2469 XII
1317 2425 1482 2469 sustulerunt?

300 2509 413 2566 ‘homini',
433 2511 519 2570 inquit,
540 2509 644 2556 ‘mortuo
657 2534 690 2542 -
712 2512 808 2568 faoiut’5
837 2511 955 2570 oredoque
974 2512 1040 2572 quod
1059 2515 1111 2556 erat
1133 2511 1279 2566 feotItetum,
1299 2514 1326 2555 ut
1348 2511 1390 2555 uni
1412 2513 1482 2570 pluro

299 2599 384 2644 fierent
403 2594 509 2655 (funera)
532 2598 636 2658 leotiqus
656 2601 736 2658 piures
755 2601 928 2650 sternerentur,
960 2599 984 2643 id
1003 2599 1066 2659 quod
1085 2612 1115 2644 ne
1135 2599 1211 2654 fieret,
1230 2600 1284 2654 iege
1303 2601 1414 2643 sanetum
1433 2602 1484 2655 est3,

299 2687 440 2745 exeipit-
461 2687 572 2730 mortem.
614 2677 699 2731 Verba
717 2685 835 2745 credoque
855 2685 964 2744 quod-
987 2689 1025 2730 est
1041 2677 1157 2731 incodd.
1178 2678 1302 2746 loquutur
1316 2683 1483 2746 postinposi·

211 2821 215 2826 ,
298 2776 349 2816 tem
367 2771 436 2816 iubet
455 2763 526 2829 (vide
543 2763 609 2818 udo.
629 2764 666 2816 ad
677 2767 750 2832 8,7)‚·
768 2765 936 2831 transposuit
953 2780 985 2818 eo
1004 2766 1044 2818 ita
1063 2771 1096 2818 ut
1112 2781 1162 2818 noe
1179 2765 1298 2819 &dimus
1317 2764 1482 2818 Schoemoun

299 2858 400 2920 (opnaeso
419 2853 526 2918 3,386),
555 2868 631 2918 quem
653 2857 758 2905 sewius
783 2857 821 2905 eet
844 2850 905 2904 Soio.
927 2855 968 2904 55.
1006 2850 1159 2906 Dirirsenus
1176 2853 1276 2920 alitque
1290 2854 1431 2920 proprium
1449 2869 1482 2906 eoo

297 2941 332 2992 its
351 2939 429 3007 lepem
449 2939 656 3002 constituerunt,
686 2937 742 2992 Hu.
761 2941 811 2990 143
829 2955 860 2990 ea
878 2939 962 2992 imeri
978 2939 1060 2992 iussit
1074 2945 1137 3008 post
1154 2951 1342 3008 praetereantur
1361 2943 1395 3008 (o.
1416 2941 1483 3006 6u),

293 3042 442 3095 perperam.
481 3024 523 3092 Of.
544 3024 633 3078 Ouiae.
654 3025 690 3078 ad
710 3026 807 3093 Pupio.
828 3032 926 3093 quaest.
948 3026 965 3079 l.
986 3025 1028 3092 11,
1050 3025 1087 3078 ud
1104 3025 1142 3078 D.
1161 3029 1282 3094 3‚2,25‚1.

373 3123 395 3168 6.
415 3136 437 3166 e.
475 3121 662 3181 Oireumpotetio
688 3113 752 3165 libri
770 3112 846 3165 boeti:
873 3122 1071 3182 oirournportetio
1098 3114 1162 3180 αἰαῖ,
1188 3115 1260 3183 quod
1280 3115 1403 3183 praefert
1423 3115 1480 3168 He.

294 3219 323 3272 p.
336 3205 393 3256 139.
412 3231 448 3242 -
468 3201 584 3269 Reliqua
602 3217 705 3270 quoque
723 3200 842 3254 dentium
859 3207 891 3254 ut
908 3202 1011 3255 traditu
1028 3202 1187 3269 accepimus,
1207 3203 1263 3256 neti
1274 3201 1345 3270 quod
1356 3202 1421 3256 libri
1437 3223 1485 3254 neo-

297 3311 396 3344 eoerrse
406 3310 413 3353 ;
430 3289 575 3343 Manutius
584 3295 609 3343 et
619 3289 776 3342 Huschkius
789 3295 853 3356 poet
862 3298 980 3358 respersio
990 3290 1040 3342 ins.
1052 3297 1083 3342 sit
1093 3295 1118 3342 et
1123 3304 1177 3356 pro
1186 3309 1285 3342 eoerree
1296 3301 1481 3357 praetereantur

296 3381 418 3433 scribunt
435 3399 535 3432 euerree
554 3387 735 3447 praeferentur.
754 3406 786 3415 -
809 3375 849 3444 Cf.
870 3376 933 3446 Ley.
953 3376 1034 3431 Num.
1046 3381 1068 3429 1.
1106 3375 1178 3430 Fest.
1199 3384 1354 3445 Respersum.
1380 3385 1479 3429 Aeone,

368 3473 391 3518 ⁷.
421 3466 494 3520 Ptin.
514 3470 550 3529 (u.
570 3466 596 3518 h.
615 3466 732 3533 21,3,7).·
759 3473 790 3517 ed
809 3474 943 3518 oertemine
967 3473 992 3517 in
1010 3473 1101 3517 oiroum
1120 3485 1163 3532 per
1184 3472 1251 3517 ludos
1270 3475 1295 3516 et
1314 3471 1361 3530 ipsi
1379 3471 1478 3516 desoen·

297 3560 397 3614 debent,
417 3564 442 3605 et
460 3574 541 3605 servos
560 3574 616 3605 suos
636 3574 758 3621 equosque
778 3559 918 3606 mittebant.
956 3558 1016 3604 Inde
1034 3560 1078 3604 ilie
1096 3558 1147 3604 XII
1161 3558 1212 3603 tab.
1231 3560 1282 3603 lex:
1303 3555 1353 3617 ‘qui
1368 3570 1480 3604 eoronam

297 3645 361 3706 perit
380 3647 431 3706 ipse
450 3648 584 3707 pecuniave
605 3649 655 3691 eius
685 3645 793 3697 (honoris
813 3640 927 3692 inseruit
947 3638 1052 3692 Schoell
1073 3638 1169 3691 collato
1189 3637 1245 3690 loco
1268 3635 1346 3691 Festi
1365 3653 1389 3692 v.
1408 3657 1465 3702 ergo
1475 3659 1485 3690 :.

296 3736 380 3778 stetue
404 3734 507 3778 donatus
537 3738 575 3778 est
598 3733 695 3779 honoris
718 3733 847 3778 virtuIIsve
866 3724 934 3793 ergo)
960 3732 1088 3776 virtutisve
1107 3745 1164 3788 ergo
1183 3727 1214 3789 (si
1232 3725 1344 3777 inseruit
1363 3723 1483 3786 Schoell)

297 3819 407 3876 erguItur
428 3813 478 3876 (sic
495 3813 535 3865 vel
554 3821 635 3866 duitur
654 3813 719 3866 libri
730 3811 863 3877 Plutoni,
883 3819 1009 3863 srduuitur
1024 3809 1139 3879 Schuetz)
1160 3819 1198 3866 ei’.
1227 3819 1303 3872 Quem
1316 3821 1379 3865 serui
1394 3819 1484 3880 equive·

296 3907 449 3964 meruisssut,
476 3906 588 3967 ‘peouuie
607 3907 710 3968 pertem’
735 3908 790 3964 iege
809 3907 863 3961 dioi,
882 3919 952 3950 nemo
973 3904 1103 3951 dubitavit.
1143 3897 1194 3952 Cic.
1217 3899 1260 3964 (de
1278 3899 1325 3968 leq.
1344 3901 1480 3966 2,24‚60):

296 3992 344 4038 Ille
362 3994 411 4038 ism
431 3994 578 4051 significatio
597 3999 649 4049 est,
677 3994 757 4039 leudis
776 3996 919 4038 ornaments
945 3993 976 4038 ed
999 3996 1105 4038 mortuos
1124 3995 1257 4054 pertinere,
1285 3995 1349 4054 quod
1367 4006 1483 4039 ooronum.

295 4081 387 4125 virtute
406 4087 503 4141 purtem
523 4081 597 4140 etei,
621 4083 663 4142 qui
682 4081 824 4142 peperisset,
848 4080 943 4125 eteius
963 4080 1060 4140 pereuti
1078 4081 1130 4124 sine
1149 4081 1234 4126 fraude
1252 4094 1305 4125 esse
1324 4082 1364 4125 lex
1382 4080 1479 4140 imposi-

296 4172 347 4212 tam
367 4167 444 4212 iubet.
481 4160 547 4214 Post
565 4170 588 4214 ei
605 4162 711 4229 supplet
728 4158 788 4212 Scit.
808 4168 953 4228 parentique
973 4167 1032 4224 eius,
1052 4181 1078 4213 se
1097 4169 1183 4214 frende
1202 4173 1261 4213 esto.
1298 4159 1355 4214 Mo.
1375 4158 1479 4212 Siaais-

295 4245 477 4314 reeht1³,426
495 4265 521 4303 n.
540 4251 559 4300 2
582 4248 662 4301 verba
685 4248 724 4300 sic
742 4246 894 4300 constituit:
921 4256 962 4314 qui
984 4268 1097 4302 coronam
1115 4256 1181 4316 perit
1198 4256 1249 4316 ipse
1268 4254 1401 4314 peonnIeve
1420 4255 1479 4307 eius,

295 4343 424 4388 virtutisse
449 4356 506 4400 ergo
533 4343 615 4388 duitur
634 4344 671 4399 ei,
691 4334 751 4404 tien
770 4341 792 4386 ei
810 4341 936 4402 parentino
970 4345 1021 4388 eius
1044 4347 1138 4389 mortuo
1157 4343 1221 4387 domi
1239 4342 1327 4388 forisve
1346 4343 1486 4403 inponetur,

295 4443 321 4474 se
340 4429 426 4476 froude
446 4421 520 4491 esto}
