3400 5254
280 356 323 420 90
774 360 989 427 Agrimensores.

367 534 620 611 Quaestorii
645 542 750 602 autem
768 539 917 602 dicuntur
940 540 1021 622 agri,
1046 561 1125 624 quos
1142 541 1277 623 populus
1296 542 1460 607 Romanus

247 652 249 656 '
280 640 411 704 devictis
444 641 608 724 pulsisque
637 643 783 707 hostibus
813 645 953 726 possedit
977 646 1202 730 mandavitque
1226 649 1459 730 quaestoribus,

280 748 318 807 ut
350 767 402 808 eos
426 747 627 811 venderent¹.
652 783 693 795 --
718 746 841 822 Quibus
865 749 951 832 agris
975 754 1050 812 sunt
1073 751 1286 827 condiciones,
1318 753 1364 815 uti
1388 754 1461 838 p(o-

212 864 269 922 116,
280 848 388 933 pulus)
407 848 599 934 R[omanus)
709 853 791 936 quod
818 851 931 916 etiam²
955 855 1180 936 praestitutum
1204 857 1382 934 observant,
1407 882 1461 921 ve-

280 958 384 1018 tustas
409 959 516 1018 tamen
540 956 630 1040 longi
654 959 807 1040 temporis
832 960 1018 1042 plerumque
1041 981 1140 1042 paene
1163 960 1297 1024 similem
1322 962 1460 1025 reddidit

280 1064 505 1144 occupatorum
535 1082 686 1143 agrorum
717 1061 951 1135 condicionem
982 1083 1044 1125 non
1070 1063 1191 1126 tamen3
1216 1065 1377 1128 universos
1401 1089 1459 1148 pa-

280 1165 381 1228 ruisse
404 1165 540 1248 legibus,
566 1187 645 1248 quas
670 1188 689 1256 a
713 1166 933 1229 venditoribus
957 1167 1022 1229 suis
1045 1172 1237 1251 acceperant.

369 1267 621 1354 Vectigales
644 1275 748 1334 autem
775 1272 845 1354 agri
868 1277 944 1334 sunt
968 1271 1113 1355 obligati,
1139 1273 1266 1355 quidam
1288 1274 1333 1336 rei
1350 1273 1458 1356 publi·

280 1397 334 1438 cae
357 1373 467 1456 populi
493 1372 644 1452 Romani,
677 1376 806 1458 quidam
831 1375 1027 1439 coloniarum
1055 1380 1111 1439 aut
1133 1379 1378 1461 municipiorum
1403 1384 1460 1442 aut

280 1479 460 1543 civitatium
484 1479 665 1564 aliquarum
690 1481 743 1564 qui
768 1486 800 1544 et
815 1481 877 1562 ipsi
894 1480 1037 1563 plerique
1053 1481 1092 1544 ad
1108 1483 1261 1564 populum
1282 1481 1459 1545 Romanum

281 1585 452 1667 pertinent,
478 1585 620 1648 scilicet⁴
645 1609 683 1649 ex
707 1586 799 1650 hoste
822 1587 908 1670 capti
932 1587 1105 1670 partitique
1128 1586 1179 1650 ac⁶
1203 1587 1295 1650 divisi
1312 1591 1387 1650 sunt
1402 1610 1459 1671 per

281 1690 452 1768 centurias,
469 1695 505 1753 ut
522 1692 770 1774 adsignarentur
784 1692 952 1768 militibus,
970 1714 1104 1775 quorum
1122 1692 1239 1755 virtute
1255 1693 1339 1776 capti
1352 1698 1458 1767 erant:

281 1795 419 1877 amplius
452 1817 548 1878 quam
580 1795 752 1861 destinatio
781 1797 866 1860 modi
890 1797 1041 1880 quamve⁶
1065 1798 1205 1860 militum
1227 1797 1375 1880 exigebat
1398 1821 1459 1860 uu-

282 1922 396 1976 merus,
422 1904 477 1984 qni
501 1902 726 1983 superfuerant
742 1903 821 1986 agri,
846 1901 1058 1986 vectigalibus
1075 1903 1207 1966 subiecti
1224 1907 1307 1979 sunt,
1331 1903 1386 1965 alii
1402 1925 1460 1986 per

281 2027 382 2068 annos
408 2054 414 2067 .
434 2055 441 2069 .
460 2055 478 2084 .,
503 2005 558 2069 alii
574 2027 649 2070 vero
665 2007 865 2090 mancipibus
877 2006 1065 2086 ementibus
1089 2008 1121 2070 id
1136 2011 1186 2070 est
1200 2007 1459 2084 conducentibus,

279 2111 313 2174 in
338 2133 438 2174 annos
462 2116 619 2176 centenos.
670 2111 782 2176 Plures
806 2135 881 2176 vero
904 2111 996 2174 finito
1019 2111 1076 2174 illo
1098 2116 1241 2192 tempore
1263 2113 1380 2174 iterum
1404 2135 1459 2175 ve·

280 2220 379 2279 neunt
403 2215 613 2298 locanturque
637 2217 683 2280 ita
707 2222 743 2280 ut
767 2216 975 2300 vectigalibus
999 2221 1046 2279 est
1070 2217 1271 2280 consuetudo.
1298 2253 1337 2262 —

368 2320 531 2404 Mancipes
556 2324 662 2385 autem
686 2322 740 2405 qui
764 2326 909 2385 emerunt
932 2319 1002 2402 lege
1025 2321 1109 2384 dicta
1131 2321 1180 2384 ius
1198 2321 1372 2406 vectigalis,
1396 2324 1457 2406 ipsi

281 2447 336 2508 per
369 2426 528 2490 centurias
562 2426 747 2490 locaverunt
779 2431 835 2489 aut
865 2425 1074 2488 vendiderunt
1106 2425 1257 2507 proximis
1281 2426 1461 2510 quibusque

279 2531 525 2614 possessoribus.
573 2528 609 2593 ln
633 2527 684 2592 his
709 2530 810 2614 igitur
834 2529 920 2610 agris
937 2529 1092 2611 quaedam
1109 2528 1176 2592 loca
1192 2536 1322 2612 propter
1338 2533 1459 2614 asperi·

164 2629 168 2638 ’
280 2639 379 2698 tatem
403 2639 459 2697 aut
482 2634 687 2697 sterilitatem
712 2656 776 2698 non
800 2635 991 2697 invenerunt
1015 2639 1187 2715 emptores;
1211 2635 1319 2718 itaque
1342 2637 1374 2698 in
1392 2637 1460 2700 for·

281 2740 342 2803 mis
366 2740 507 2802 locorum
531 2739 606 2802 talis
630 2739 812 2822 adscriptio,
840 2740 871 2802 id
897 2742 944 2801 est
968 2739 1011 2800 ‘in
1034 2739 1162 2801 modum
1186 2742 1461 2821 conpascuae',

213 2844 454 2926 utaliquando
471 2843 557 2907 facta
572 2848 629 2919 est,
654 2849 686 2905 et
703 2847 839 2905 ‘tantum
863 2841 1088 2927 corqpascuaeb
1114 2864 1194 2925 quae
1210 2844 1405 2925 pertinerent
1421 2846 1461 2908 ad

282 2948 444 3032 proximos
461 2969 603 3031 quosque
620 2968 825 3030 possessores,
842 2946 897 3030 qui
913 2948 953 3010 ad
965 2968 1002 3010 ea
1018 2948 1183 3030 attingunt
1200 2947 1316 3010 finibus
1329 2949 1403 3011 suis.
1418 2987 1459 2996 -

369 3053 517 3118 Divisi
552 3056 592 3116 et
621 3053 844 3139 adsignati
877 3053 946 3134 agri
971 3058 1056 3128 sunt,
1089 3051 1144 3134 qui
1168 3053 1324 3115 veteranis
1348 3053 1459 3118 aliisve

283 3159 425 3241 personis
455 3181 511 3242 per
539 3159 698 3222 centurias
727 3163 814 3222 certo
837 3157 930 3220 modo
954 3158 1114 3239 adscripto
1138 3161 1194 3218 aut
1217 3157 1283 3218 dati
1308 3162 1382 3220 sunt
1405 3164 1461 3222 aut

286 3266 410 3343 redditi,
435 3261 546 3348 quive⁷
570 3265 730 3328 veteribus
754 3263 988 3346 possessoribus
1012 3261 1172 3324 redditi
1197 3263 1461 3326 commutati-

284 3478 391 3541 137‚19:
419 3491 469 3528 neo
487 3476 600 3527 tantum
620 3475 837 3541 occupaverunt,
865 3469 938 3538 quod
958 3469 1047 3522 colere
1067 3468 1234 3536 potuissent,
1254 3467 1301 3520 sed
1321 3470 1462 3535 quantum

282 3564 311 3614 in
332 3579 407 3630 spem
428 3563 487 3632 (spe
505 3563 579 3625 libri)
599 3560 707 3615 colendi
725 3574 911 3613 reservarem.

371 3648 395 3717 1)
415 3648 498 3702 Sicut.
517 3650 621 3714 136,14:
640 3646 679 3699 Ut
698 3677 729 3685 —-
750 3644 871 3700 Romani
890 3645 1017 3698 omnium
1037 3642 1163 3709 gentium
1184 3641 1266 3711 potiti
1285 3645 1359 3705 sunt,
1378 3660 1462 3712 agros

284 3751 317 3787 ex
336 3735 415 3788 hoste
434 3737 530 3803 captos
550 3735 578 3786 in
599 3735 731 3788 victorem
752 3733 883 3801 populum
905 3730 1006 3800 partiti
1025 3733 1104 3793 sunt;
1125 3730 1194 3784 alios
1214 3746 1278 3785 vero
1297 3748 1380 3799 agros
1396 3748 1464 3784 ven·

282 3821 422 3881 diderunt.
442 3824 475 3873 ut
496 3821 662 3876 Sabinorum
682 3838 749 3889 ager
768 3819 816 3888 qui
836 3819 939 3872 dicitur
960 3817 1142 3885 quaestorius,
1163 3833 1225 3870 eum
1239 3817 1378 3870 limitibus
1392 3817 1463 3871 actis
1495 3867 1499 3877 ,

283 3909 442 3962 diviserunt
460 3938 493 3946 —
514 3910 599 3975 alque
625 3907 667 3959 ita
691 3922 741 3974 per
759 3910 919 3974 quaestores
944 3903 1041 3972 populi
1062 3903 1182 3956 Romani
1202 3903 1317 3971 (populo
1338 3903 1464 3958 Romano

282 3997 355 4057 libri)
376 3995 570 4049 vendiderunt.
599 4025 631 4033 —
660 3993 687 4060 2)
710 3993 775 4063 [fuit
788 3993 864 4061 scre:
893 4011 918 4060 p.
942 3994 971 4046 R.
995 3991 1100 4045 voluit:
1128 3990 1200 4058 quod
1220 3989 1358 4058 quidam]
1383 4021 1418 4029 —
1437 3994 1463 4051 3)

282 4103 337 4140 non
357 4083 464 4150 tamen]
484 4085 563 4136 nocet
582 4081 655 4135 enim
669 4099 724 4136 non
736 4084 876 4149 proposuit
890 4081 1056 4134 Lachmann.
1086 4078 1188 4149 [Mopse
1200 4078 1326 4131 exciderit
1341 4076 1464 4130 videmus

282 4172 322 4225 cel
346 4173 433 4225 marite
455 4171 620 4226 vocabulum.
648 4169 697 4222 Tu.
718 4168 769 4237 M.]
790 4199 819 4207 -
840 4170 867 4237 4)
889 4168 1043 4238 [pertinent
1061 4164 1168 4219 scilicet
1186 4167 1284 4232 scripsi
1301 4181 1354 4233 eqo,
1378 4165 1464 4233 perti·

284 4259 455 4327 pertinentes
474 4260 545 4312 libri.
573 4257 622 4309 ΤΗ.
643 4257 690 4326 Μ.]
720 4287 751 4295 -
782 4256 808 4324 5)
828 4256 994 4324 [partitique
1014 4254 1059 4324 ao]
1087 4271 1136 4307 scr.
1157 4255 1313 4322 postquam.
1346 4251 1395 4304 Ta.
1415 4252 1465 4322 M.]

282 4377 316 4384 -
336 4348 363 4413 6)
377 4363 498 4414 quamve
513 4346 660 4416 aspasius,
680 4361 764 4413 quam
782 4360 848 4399 nero
866 4345 934 4396 ltus,
956 4373 987 4382 ·-
1009 4344 1034 4412 7)
1054 4341 1157 4396 redditi
1171 4341 1271 4410 quibus
1290 4341 1354 4393 libri
1371 4341 1466 4408 [deleto

283 4451 337 4488 coc.
357 4433 460 4488 redditi
485 4450 533 4486 scr.
554 4435 611 4502 qui.
636 4435 685 4488 Ta.
700 4433 746 4502 M.]
