3400 5254
320 393 362 466 18
856 390 963 446 Festus.

320 571 403 657 apud
437 574 548 655 poetas
578 574 687 636 autem
719 574 751 634 et
774 573 917 634 oratores
944 570 1077 653 ponitur
1099 593 1157 654 pro
1181 571 1285 656 culpa.
1332 571 1393 636 ΑΗ
1419 593 1503 636 noxa

319 679 485 762 peccatum
517 678 574 738 aut
605 695 664 758 pro
696 676 827 757 peccato
859 694 1011 757 poenam,
1044 678 1081 738 ut
1102 673 1220 740 Accius
1242 675 1277 739 in
1300 675 1502 760 Melanippo:

321 783 411 850 ‘Tute
442 802 510 846 esse
533 779 608 844 huic
631 801 734 844 noxae
756 777 951 842 obnoxium!
995 777 1087 854 Item,
1119 801 1191 844 cum
1213 779 1265 844 lex
1288 779 1377 844 iubet
1400 801 1503 844 noxae

320 888 442 966 dedere,
466 907 524 970 pro
547 887 677 968 peccato
701 883 773 948 dedi
796 881 896 948 iubet.
919 921 964 932 -
986 885 1026 948 F.
1056 883 1141 948 174².

319 991 511 1058 ‘Numera
534 987 754 1054 senatnm'⁸
778 988 824 1054 ait
847 989 951 1072 quivis
974 992 1103 1054 senator
1125 990 1257 1067 consuli,
1281 1011 1353 1054 curn
1368 989 1499 1073 inpedi-

319 1101 427 1164 mento
455 1095 524 1160 vult
547 1115 626 1171 esse,
651 1093 823 1178 quominus
845 1092 944 1157 faciat
965 1091 1034 1172 Su,
1058 1076 1274 1179 postulatque,
1298 1099 1336 1158 ut
1359 1099 1415 1158 aut
1439 1116 1502 1169 res,

322 1225 404 1287 quae
426 1197 638 1278 referuntur,
662 1193 860 1277 dividantur,
884 1204 940 1264 aut
957 1199 1078 1284 singuli
1093 1199 1311 1278 consulantur,
1336 1203 1394 1264 aut
1409 1199 1436 1264 si
1452 1202 1503 1276 tot

320 1330 384 1373 non
408 1306 473 1370 sint
495 1308 668 1375 senatores,
692 1324 756 1387 quo
780 1325 913 1368 numero
936 1302 1032 1368 liceat
1053 1303 1223 1388 perscribi⁶
1247 1303 1303 1369 SC.
1344 1304 1384 1367 F.
1408 1307 1482 1367 170.

323 1412 556 1502 [Nummum
580 1432 617 1474 ex
642 1410 763 1476 Graeco
785 1411 977 1476 nomismate
1000 1412 1200 1496 culistirnaut
1215 1411 1380 1498 di[ctum⁸‚
1400 1412 1502 1475 idem·

320 1537 380 1597 quc
403 1517 496 1580 uobis
519 1516 604 1596 quod
627 1523 765 1598 νοῠμμον
790 1514 874 1598 iltis]
897 1515 1012 1594 valere,
1036 1516 1111 1599 quia
1135 1514 1307 1602 menalce
1329 1519 1460 1580 cremina
1482 1537 1504 1579 a

321 1619 443 1686 Siculis
466 1622 657 1700 suscepimus,
682 1621 831 1702 quorum]
854 1621 915 1686 hoc
938 1620 1077 1704 primum
1099 1624 1156 1686 est.
1203 1621 1244 1685 F.
1268 1626 1341 1685 173.

321 1723 619 1808 Nuncuputa⁷
643 1725 779 1808 pecunie
803 1731 860 1803 est,
892 1729 929 1788 ut
952 1726 998 1788 ait
1021 1723 1147 1790 Cincius
1175 1725 1209 1788 in
1232 1725 1254 1789 l.
1278 1722 1310 1789 Il
1333 1725 1372 1788 de
1394 1723 1502 1788 officio

320 1830 549 1908 iurisconsulti.
573 1829 769 1908 nominats⁸‚
793 1834 890 1908 certa,
914 1829 1097 1895 nominibus
1120 1829 1258 1914 propriis
1275 1829 1502 1914 pronuntiata:

320 1935 412 2002 ‘Cum
435 1956 550 2002 nexum
577 1934 679 2000 cot.'⁹:
703 1935 736 2000 id
758 1935 840 2000 eat¹⁰
864 1935 912 2000 uti
928 1934 1102 1999 nominarit
1118 1935 1281 1999 locutusve
1296 1933 1366 2011 erit,
1390 1933 1436 1997 ita
1452 1932 1503 1996 ius

320 2045 399 2104 esto.
445 2037 530 2103 Vota
559 2043 745 2124 nuncupata
767 2039 927 2117 deantur,
961 2062 1042 2124 quae
1065 2038 1212 2103 consules
1232 2043 1405 2122 praetores,
1429 2060 1502 2102 cum

319 2145 352 2210 in
375 2143 572 2228 provinciam
595 2144 854 2227 proficiscuntur,
885 2144 1028 2221 faciunt;
1059 2167 1096 2208 ea
1118 2145 1150 2208 in
1175 2143 1303 2210 tabulas
1325 2143 1502 2227 praesenti·
1613 2176 1614 2180 =

321 2251 381 2313 bus
404 2248 515 2312 multis
538 2247 731 2313 referuntur.
779 2249 855 2314 At¹¹
880 2249 996 2314 Santra
1018 2248 1155 2315 —satis
1174 2249 1284 2331 multis
1309 2251 1502 2331 nuncupata,

319 2353 455 2437 conligit
477 2374 541 2417 non
566 2353 691 2418 derecto
716 2353 883 2418 nominata
906 2353 1097 2439 significare,
1121 2355 1174 2418 sed
1191 2353 1348 2436 promissa
1364 2357 1396 2417 et
1411 2353 1504 2436 quasi

319 2458 501 2536 testificata,
532 2459 783 2542 circumscripta,
819 2463 956 2542 recepta,
987 2459 1071 2542 quod
1095 2459 1192 2523 etiam
1215 2459 1247 2522 in
1272 2457 1355 2522 uotis
1378 2479 1503 2520 nunon-

320 2563 432 2646 pandis
456 2583 523 2627 esse
545 2565 795 2630 convenientius.
842 2565 882 2629 F.
904 2569 977 2628 173.

320 2665 412 2732 Nun
423 2667 585 2732 dinas¹⁹
608 2668 793 2734 feriatum¹³
814 2668 896 2732 diem
913 2689 980 2733 esse
995 2668 1165 2732 voluerunt
1180 2667 1315 2752 antiqui,
1338 2672 1374 2731 ut
1390 2669 1504 2734 rustici

320 2771 526 2836 convenirent
550 2773 712 2838 mercandi
738 2774 957 2858 vendendique
979 2795 1083 2851 causa,
1107 2794 1242 2856 eumque
1257 2772 1427 2851 nefastum,
1451 2795 1503 2848 ne,

320 2873 385 2938 si¹⁴
417 2875 526 2940 liceret
557 2899 629 2941 curn
663 2878 782 2962 populo
812 2879 880 2962 agi,
915 2877 1195 2961 interpellarentur
1223 2876 1501 2942 nundinatoree¹⁵.

320 2981 360 3044 F.
384 2985 458 3045 173.

324 3097 537 3104 ..ψ-ψ’,-

393 3153 421 3222 l)
440 3151 476 3207 ad
495 3154 553 3208 cod.
574 3183 606 3194 -
626 3154 652 3219 2)
672 3154 834 3224 Suppletum
854 3172 868 3209 e
885 3155 917 3210 P.
937 3158 999 3208 175:
1018 3152 1103 3209 noxia
1121 3152 1197 3224 apud
1216 3153 1347 3222 antiquos
1366 3153 1505 3210 damnum

318 3241 510 3312 significabat,
536 3241 585 3296 sed
605 3259 623 3296 a
641 3243 732 3312 postis
753 3243 869 3315 ponitur
892 3260 943 3314 pro
962 3243 1060 3312 eulpa:
1088 3259 1162 3297 noxa
1183 3242 1298 3312 ponitur
1316 3241 1503 3312 prospeccato

320 3333 372 3384 aut
388 3347 441 3400 pro
461 3329 571 3399 pseusti
590 3347 689 3400 poena,
719 3350 782 3387 cum
801 3332 847 3387 lex
867 3331 946 3386 iubet
964 3346 1054 3386 noxae
1071 3329 1174 3385 dedere
1190 3346 1242 3400 pro
1260 3331 1382 3400 peccato.
1412 3357 1444 3370 -
1472 3331 1506 3400 3)

319 3419 509 3487 [requiruntur
528 3419 611 3472 talia:
629 3418 741 3474 ‘divide'
761 3422 811 3474 aut
829 3418 959 3476 ‘aemule’
978 3421 1029 3473 sut
1040 3424 1168 3474 ‘numera
1179 3415 1323 3472 senatum’.
1344 3417 1393 3472 Tu.
1409 3418 1456 3490 n]
1469 3449 1505 3460 --

318 3505 346 3572 4)
365 3505 529 3560 auferuntur
548 3507 606 3560 cod.
629 3537 660 3546 —
682 3506 710 3576 5)
728 3505 885 3576 praescribi
903 3507 958 3562 cod.
979 3537 1013 3546 -
1030 3506 1061 3574 o)
1074 3505 1105 3560 Ρ.
1119 3509 1182 3560 172:
1201 3504 1339 3560 Nummus
1353 3523 1386 3560 ex
1398 3505 1506 3564 crasco

320 3590 488 3646 nomismate
507 3592 619 3646 dicitur.
647 3625 679 3632 -
706 3595 732 3663 7)
751 3597 896 3664 nucupata
914 3595 971 3648 cod.
988 3625 1025 3634 —
1042 3594 1069 3663 8)
1089 3592 1203 3649 nomina
1223 3594 1296 3661 cod.;
1315 3593 1446 3672 cmgUrs.
1466 3625 1504 3636 —

319 3680 347 3744 9)
366 3675 408 3742 Of.
427 3685 488 3732 tom.
500 3679 521 3732 Ι
534 3697 561 3748 p.
571 3684 607 3733 24
625 3682 678 3734 tub.
695 3681 768 3748 V1,1.
783 3713 816 3722 -
839 3683 881 3751 10)
893 3682 936 3736 ita
949 3683 1018 3743 cod.;
1039 3699 1084 3736 em.
1102 3681 1160 3735 Ure.
1180 3711 1214 3720 -
1229 3680 1273 3750 ll)
1288 3680 1324 3735 ad
1338 3682 1394 3736 coel.
1410 3713 1442 3722 —
1458 3683 1504 3754 12)

319 3764 724 3833 Mocr.cuturu.1,16‚32-35:
746 3769 850 3823 Harum
869 3768 1004 3839 originem
1020 3799 1054 3810 -
1067 3768 1186 3824 Romulo
1199 3768 1363 3838 adsignant,
1381 3801 1415 3810 -
1429 3770 1506 3826 siout

320 3850 478 3905 Tuditanus
499 3851 648 3918 adfirmat3
668 3855 715 3910 sed
728 3854 838 3911 Cassius
851 3856 979 3912 Servium
997 3887 1032 3896 —
1050 3856 1145 3911 fecisse
1163 3856 1305 3910 nundinas
1325 3856 1400 3920 dicit,
1419 3859 1452 3911 ut
1472 3859 1505 3912 in

319 3937 417 3992 urbem
444 3955 477 3994 ex
506 3939 583 4009 agris
608 3943 791 3997 conuenirent
810 3943 935 3998 urbanas
953 3943 1127 4013 rusticosque
1144 3961 1188 3998 res
1206 3944 1373 4002 ordinaturi.
1395 3976 1425 3986 -
1445 3946 1505 4000 Ru·

318 4023 399 4078 tilius
423 4026 521 4080 scribit
549 4028 691 4084 Romanos
715 4028 872 4086 instituisse
896 4030 1053 4094 nundinas,
1080 4037 1112 4086 ut
1136 4034 1198 4088 octo
1222 4031 1337 4100 quidem
1355 4031 1452 4088 diebm
1471 4034 1503 4090 iu

319 4112 395 4181 agris
420 4114 515 4168 rustici
540 4132 611 4186 opus
638 4115 779 4180 facerent,
809 4135 882 4174 nono
905 4121 1002 4174 autem
1021 4119 1069 4174 die
1087 4148 1121 4160 -
1142 4120 1178 4174 ad
1197 4121 1352 4175 mercatum
1371 4120 1505 4190 legesque

319 4199 496 4270 accipiendae
518 4202 640 4258 Romam
666 4202 809 4268 venirent,
837 4235 873 4244 -
897 4205 971 4260 unde
989 4205 1076 4262 etiam
1095 4225 1164 4275 mos,
1188 4210 1221 4262 ut
1239 4207 1315 4276 leges
1334 4206 1505 4266 trinundino

318 4286 363 4344 die
381 4287 637 4358 promulgarentur.
667 4319 701 4330 ·-
727 4291 770 4360 13)
789 4292 923 4347 feriarum
942 4294 999 4348 eod.
1029 4323 1060 4332 -
1083 4295 1128 4362 1⁴)
1145 4295 1168 4348 si
1188 4296 1251 4350 add.
1271 4293 1353 4361 Mac,
1373 4311 1424 4348 osa.
1443 4297 1505 4352 cod.

318 4404 352 4411 -
372 4375 417 4443 15)
437 4375 524 4432 Maur.
543 4378 560 4430 l.
580 4377 597 4432 l.
615 4380 740 4430 28-30:
764 4378 915 4434 Trebatius
934 4409 968 4420 -
987 4380 1030 4434 ait
1047 4381 1181 4436 nundinis
1203 4382 1506 4452 magistratumposse

318 4461 520 4516 manumittere
537 4463 696 4532 iudiciaque
719 4465 860 4534 addicere;
881 4468 929 4522 sed
949 4471 1049 4524 contra
1062 4469 1150 4523 lulius
1163 4469 1266 4525 Caesar
1283 4499 1317 4510 -
1330 4473 1418 4538 negat
1431 4487 1505 4526 nun—
