3386 5240
613 419 699 490 Leges
718 420 769 474 XII
787 421 961 475 tabularum.
1334 426 1376 490 25
1455 403 1459 410 ι

192 598 282 682 dupli
304 619 438 681 poenam
461 596 589 677 subiret,
622 620 640 660 a
662 597 740 662 iuris
763 597 917 662 consuitis
940 599 1037 663 etiam
1061 599 1246 664 reticentiae
1271 621 1374 684 poena

193 709 242 770 est
264 704 445 768 constituta.

223 852 225 860 .
281 809 311 874 3.
360 805 464 873 Cicero
487 806 562 893 (top.
579 806 691 891 4‚23):
712 829 787 870 usus
811 807 984 870 auctoritas
1008 805 1100 870 fundi
1124 805 1291 872 biennium
1318 813 1377 887 est,

192 918 437 979 —ceterarum
459 925 565 976 reruni
588 912 730 976 omnium
751 949 795 960 -
818 934 943 976 annuus
967 916 1015 976 est
1040 935 1125 977 usus.

281 1020 310 1082 4.
361 1018 463 1082 Gaias
494 1015 631 1102 (1,111):
666 1017 736 1102 lege
766 1015 829 1081 XII
853 1017 918 1082 tab.
942 1020 1072 1081 cautum
1105 1022 1170 1096 est,
1203 1024 1239 1082 ut
1263 1019 1290 1082 si
1314 1041 1377 1102 qua

194 1123 293 1189 nollet
316 1145 352 1187 eo
375 1123 467 1186 modo
492 1119 574 1209 [usu]
599 1123 633 1186 in
656 1145 786 1187 manum
809 1124 917 1188 mariti
941 1124 1122 1202 convenire,
1147 1146 1184 1188 ea
1201 1125 1376 1208 quotannis

192 1228 343 1293 trinoctio
378 1227 501 1292 abesset
531 1233 626 1312 atque
658 1250 694 1292 eo
718 1229 811 1293 modo
843 1227 969 1314 [usum]
996 1227 1151 1312 cuiusque
1175 1228 1253 1292 anni
1276 1229 1377 1294 inter-

194 1338 364 1416 rumperet.

281 1439 311 1504 5.
335 1461 362 1504 a.
397 1436 430 1503 sr
445 1461 494 1510 uui
512 1460 541 1501 ru
556 1461 624 1502 inan
639 1461 741 1502 uiuus
756 1461 928 1506 corsanum.
953 1489 960 1502 .
982 1475 1050 1502 .-
1066 1441 1096 1504 b.
1123 1440 1216 1504 Paci.
1235 1442 1376 1504 manual.

195 1544 284 1625 (Vct.
300 1543 350 1626 fr.
375 1545 447 1624 50):
480 1547 511 1606 et
533 1543 800 1626 mancipationem
830 1547 862 1607 et
889 1543 924 1606 in
949 1544 1018 1606 iure
1041 1545 1213 1609 cessionem
1240 1543 1292 1608 lex
1315 1542 1377 1608 XII

195 1649 260 1713 tab.
286 1647 463 1713 confirmat.

282 1753 310 1816 6.
357 1752 470 1816 Livias
494 1751 716 1837 (3‚44‚11.12):
743 1752 901 1817 Advocati
918 1751 1119 1837 (Verginiae)
1143 1790 1185 1800 -
1202 1753 1376 1837 postulant,

194 1861 231 1920 ut
254 1857 330 1940 (Ap.
356 1855 519 1938 claudius)
544 1894 586 1904 -
609 1858 679 1940 lege
702 1858 742 1921 ab
765 1858 835 1941 ipso
867 1857 934 1920 lata
957 1858 1111 1922 vindicias
1134 1859 1187 1923 det
1206 1859 1377 1922 secundum

195 1962 385 2026 libertatem.

285 2067 312 2130 7.
359 2065 477 2130 Tierua
499 2089 626 2131 runcruu
648 2089 767 2131 runicus
792 2091 910 2133 vrnarvn
933 2092 968 2132 rr
992 2091 1126 2132 concern
1150 2091 1185 2132 un
1211 2091 1338 2133 soavrro.

268 2233 292 2276 3.
322 2223 456 2277 Ciceronis
468 2223 541 2276 loeus
552 2223 652 2290 intepet
665 2221 729 2274 haee
741 2221 834 2274 habet:
856 2227 923 2280 Quod
941 2229 966 2273 in
985 2243 1010 2274 re
1029 2231 1082 2289 pari
1094 2233 1169 2285 valet,
1189 2233 1272 2276 valeat
1284 2232 1309 2276 in
1323 2233 1376 2287 hae,

196 2334 259 2381 quae
277 2333 322 2380 par
340 2321 386 2372 est,
412 2321 446 2374 ut,
468 2318 585 2377 quonism
605 2329 663 2361 usus
682 2317 815 2362 auotoritas
834 2317 902 2362 fundi
921 2316 1043 2362 biennIum
1062 2321 1106 2374 est,
1124 2319 1159 2363 sit·
1175 2319 1249 2363 etiam
1268 2319 1376 2377 aedIum;

196 2412 222 2453 at
240 2408 265 2452 in
284 2408 339 2464 lege
357 2405 430 2450 aedes
455 2419 503 2450 non
522 2407 679 2465 appellantur
700 2410 726 2449 ot
744 2410 801 2449 sunt
818 2408 954 2450 ceterarum
973 2418 1053 2450 rerum
1070 2407 1187 2462 omnium,
1214 2419 1316 2466 quarum
1335 2421 1377 2452 an-

196 2508 257 2540 nuus
276 2499 314 2539 est
331 2506 402 2538 usus:
421 2494 504 2538 valeat
523 2493 644 2554 sequtus,
663 2505 727 2553 quae
748 2481 847 2552 paribus
867 2493 891 2536 ln
910 2494 989 2538 causis
1008 2493 1077 2552 paria
1094 2494 1148 2538 iura
1160 2495 1289 2542 desiderat.
1323 2487 1376 2544 Oie.

196 2577 234 2642 (p.
246 2574 428 2641 Gaec.19,54):
448 2580 498 2624 Lex
517 2593 587 2624 usum
608 2579 819 2625 etauctoritatem
837 2579 906 2624 fundi
920 2579 987 2626 iubet
1000 2593 1052 2626 esse
1066 2580 1196 2628 blannium.
1227 2573 1288 2628 Gai.
1301 2578 1378 2638 2,42.·

196 2661 337 2730 [Usucapio]
357 2667 479 2712 mobilium
498 2667 595 2728 quIdem
615 2681 694 2712 rerum
714 2680 778 2711 anno
799 2669 940 2726 completur,
960 2667 1027 2714 fundi
1047 2683 1103 2714 vero
1122 2673 1147 2714 et
1166 2670 1261 2715 aedium
1281 2669 1377 2716 blancio

196 2762 221 2802 et
237 2757 274 2802 ita
293 2757 347 2813 lege
366 2755 416 2800 XII
436 2754 486 2800 tab.
512 2759 610 2800 cantum
631 2759 676 2800 eet.
714 2750 763 2799 54:
791 2756 831 2799 lex
851 2776 886 2785 -
904 2755 955 2801 XII
973 2757 1025 2800 tab.
1044 2757 1088 2802 soli
1108 2757 1204 2817 quidem
1222 2771 1260 2802 res
1281 2757 1376 2803 bIennio

196 2845 296 2904 usucapi
313 2844 391 2899 iussit,
411 2849 504 2888 ceteras
524 2857 581 2888 vero
601 2856 672 2887 auno.
709 2835 808 2888 Boeih.
827 2836 857 2888 ia
877 2833 930 2888 Cic.
949 2841 1001 2904 top.
1022 2837 1038 2890 I.
1058 2853 1097 2890 o:
1122 2845 1259 2902 elargitur
1280 2845 1375 2891 aedium

195 2945 251 2978 usus
270 2927 300 2993 (l)
317 2932 487 2977 auctoritatem
505 2931 601 2976 blennio
618 2932 670 2976 fieri
691 2931 767 2976 sentit
785 2923 899 2992 (Cleero).

265 3020 288 3064 4.
308 3009 375 3065 Geli.
388 3012 506 3079 (3‚2,13):
525 3019 670 3074 macellum,
689 3019 753 3079 quod
772 3018 860 3064 abesse
879 3033 894 3063 a
912 3020 962 3064 vtro
979 3019 1112 3079 usurpandi
1125 3033 1199 3065 causa
1212 3033 1243 3064 ex
1256 3020 1306 3066 XII
1321 3020 1373 3066 tab.

197 3105 295 3152 deberet
314 3107 362 3152 eet.
427 3167 429 3171 Ι

268 3195 291 3237 5.
311 3208 334 3238 a.
367 3185 469 3238 Gellius
487 3188 650 3252 (20‚17‚7.8)=
677 3193 776 3238 Manum
794 3207 920 3244 conserere
940 3200 977 3239 est
995 3208 1045 3239 rem
1064 3208 1118 3240 eam
1141 3186 1294 3255 (Huschke,
1320 3209 1375 3240 con·

196 3293 274 3326 serere
292 3294 349 3326 nam
367 3273 455 3342 iibri),
475 3281 572 3342 deque
593 3296 618 3326 re
637 3282 787 3342 dleceptatur
809 3284 832 3328 in
852 3283 911 3338 iure,
932 3305 965 3313 -
984 3295 1038 3326 cum
1056 3283 1194 3327 adversane
1213 3283 1284 3326 slmul
1303 3295 1375 3326 manu

196 3369 320 3428 prendere,
339 3372 364 3412 et
383 3368 407 3412 in
426 3381 455 3414 ea
473 3383 499 3413 re
518 3369 675 3414 sollemnibus
695 3360 814 3428 (omnitus
834 3361 909 3427 iibri)
929 3368 1009 3413 verble
1020 3369 1150 3424 vindicare,
1171 3370 1195 3414 id
1213 3367 1376 3414 estuIndIcIa.

196 3454 318 3516 Correptio
337 3448 493 3516 (consertIcl)
513 3469 599 3500 manus
618 3456 642 3500 in
662 3469 687 3500 re
707 3459 781 3516 atque
800 3457 824 3500 In
840 3457 891 3500 loco
911 3457 1035 3514 praesenti
1053 3455 1118 3514 apud
1131 3459 1268 3514 praetorem
1281 3467 1311 3500 ex
1325 3455 1376 3501 XII

195 3542 245 3588 tab.
264 3543 347 3598 fiebat,
365 3543 494 3603 inquibus
514 3545 550 3589 ite
568 3547 683 3605 scrlptum
707 3549 756 3590 est:
777 3542 805 3589 ‘ei
823 3545 862 3590 cui
883 3537 931 3597 (tic
948 3536 1021 3606 It'brt)
1040 3545 1064 3590 in
1084 3567 1116 3576 —-
1135 3545 1280 3590 conseruut’.

265 3629 288 3674 b.
317 3622 401 3675 Pauli
426 3625 499 3678 locut
525 3626 626 3694 intepet·
653 3626 718 3679 haec
742 3625 836 3679 habet:
863 3633 1006 3694 PomponIns
1025 3637 1104 3694 putat,
1124 3646 1171 3677 non
1189 3645 1259 3693 posse
1278 3633 1309 3678 ad
1327 3648 1377 3680 cer·

196 3719 247 3761 tum
265 3724 359 3776 tempus
378 3717 463 3764 deduci
473 3713 676 3782 (usumfructum)
694 3736 738 3767 nec
752 3736 794 3782 per
806 3723 832 3766 ln
845 3722 898 3766 iure
909 3722 1040 3766 cessIcnem
1052 3735 1097 3766 nec
1110 3733 1153 3781 per
1166 3721 1375 3780 mancipatIonem,

198 3805 240 3850 sed
257 3810 353 3850 tantum
370 3807 497 3852 transferri
516 3809 594 3866 Ipsum
612 3823 695 3870 poese;
718 3823 763 3866 ego
783 3811 863 3866 didici,
884 3815 909 3855 et
928 3810 1013 3855 deduci
1031 3809 1063 3855 ad
1074 3811 1169 3867 tempus
1182 3821 1260 3868 posse,
1280 3809 1338 3868 qula
1351 3813 1376 3852 et

197 3892 398 3952 mancipationem
418 3916 449 3925 -
469 3893 603 3940 confirmat.
624 3917 656 3926 -
687 3887 767 3940 Hune
787 3888 873 3941 locum
898 3904 957 3941 cum
970 3889 1064 3956 pm'orc
1082 3887 1294 3956 coniuapeadam
1312 3902 1374 3952 esse,

195 3973 334 4026 verisimile
358 3988 413 4026 non
435 3980 486 4040 cet,
514 3976 579 4042 quia
596 3977 626 4028 in
649 3977 679 4028 ia
697 3977 757 4028 iare
779 3977 893 4030 cresinae
912 3974 1152 4030 coatraoiadt'catio
1170 3974 1293 4028 omnibus
1313 3991 1374 4027 con-

196 4061 272 4113 serte'e
290 4060 376 4114 locem
393 4078 448 4115 aon
465 4063 566 4116 tatuit.
605 4062 647 4130 Of.
666 4062 734 4116 Gai.
752 4067 824 4130 2,24.

269 4155 291 4198 d.
316 4147 408 4216 Pomp.
422 4150 520 4202 enchir.
539 4149 588 4217 (D.
598 4153 737 4218 1,2,2,24):
762 4159 889 4216 Vergtnins
903 4179 936 4190 -
949 4171 1002 4202 cum
1015 4156 1233 4210 animadvertIsset,
1248 4157 1293 4217 Ap.
1305 4155 1375 4201 Glau-

199 4240 262 4285 dium
280 4247 364 4287 eontra
382 4243 433 4299 ius,
461 4245 525 4304 quod
544 4245 595 4305 lpse
615 4259 645 4290 ex
667 4249 749 4290 vetere
768 4247 819 4292 iure
838 4248 863 4291 in
881 4245 931 4292 XII
949 4245 1047 4290 tabulas
1066 4245 1239 4298 transtulerat,
1258 4244 1375 4289 vlndielas

199 4327 261 4372 illae
279 4341 337 4374 snae
356 4343 371 4373 a
389 4342 414 4374 se
433 4330 564 4384 audiuisse,
586 4336 611 4376 et
630 4333 762 4376 secundum
776 4345 838 4389 eum,
858 4334 899 4394 qul
911 4334 936 4378 in
948 4332 1090 4378 servitutem
1102 4353 1137 4362 -
1148 4331 1260 4390 petierat,
1283 4330 1372 4374 dixisse

200 4411 244 4459 cti.
282 4406 321 4474 Cf.
341 4407 425 4463 Dion.
444 4413 526 4476 11,30.
555 4409 616 4464 Dic.
635 4413 760 4477 3,56,4.6.

270 4501 292 4546 l.
312 4503 335 4546 8.
362 4495 433 4550 Fest.
453 4496 568 4564 (Ia-364,
589 4497 645 4553 Mo.
659 4501 702 4565 76)
726 4506 828 4563 Tignum
846 4521 892 4552 non
912 4509 988 4552 selum
1007 4507 1031 4550 in
1050 4507 1172 4568 aedificiIs,
1197 4519 1245 4566 quo
1264 4507 1374 4559 utuntur,
