3400 5250
664 380 763 434 Edicta
781 383 951 449 praetorum.
1343 379 1406 446 213

222 565 308 626 state
331 565 423 638 esset,
446 561 514 624 sive
536 581 594 624 sua
615 559 782 625 voluntate
805 561 872 624 sive
886 561 975 624 iussn
994 561 1071 637 siue,
1095 562 1129 624 in
1145 561 1234 624 ouius
1250 564 1407 646 potestate

221 668 295 744 erit,
320 665 532 744 contraxerit,
563 666 629 730 sive
662 666 697 729 in
722 665 882 750 peculium
905 667 1007 750 ipsius
1031 666 1153 730 sivein
1177 655 1406 750 patrimonium

224 771 302 849 eius,
326 771 416 835 cuius
438 772 472 834 in
495 769 653 854 potestate
677 770 789 848 fuerit,
822 792 860 835 ea
882 792 933 834 res
956 771 1085 835 redacta
1108 770 1214 848 fuerit,
1246 772 1405 836 'actionem

220 898 320 940 carisa
342 876 472 960 cognita
493 876 586 940 dabo,
599 877 632 938 in
656 875 740 958 quod
763 875 868 939 facere
890 873 1023 958 potest¹.

312 984 341 1047 5.
377 982 429 1046 Ad
452 988 580 1047 senatus
603 983 783 1046 consultum
808 981 1046 1049 Vellaeannm².
1504 1013 1507 1020 ⁴

312 1086 436 1152 XVIII.
470 1087 531 1151 De
561 1089 687 1152 borrae
713 1089 831 1171 fidei
861 1090 1158 1153 contractibus,
1197 1091 1225 1152 1.
1257 1083 1510 1170 Depositissjitzffij
1582 1163 1584 1168 Α

220 1194 273 1257 rel
297 1193 435 1258 contra³.
483 1193 574 1269 Quod
595 1216 697 1278 neque
720 1193 878 1258 tumultus
902 1215 1004 1277 neque
1024 1194 1163 1258 incendii
1178 1213 1280 1277 neque
1294 1194 1406 1256 ruinae

223 1321 326 1382 neque
351 1300 514 1386 naufragii
536 1321 632 1364 causa
657 1299 838 1382 depositum
863 1299 916 1378 sit,
940 1301 973 1363 in
990 1299 1151 1383 simplum,
1175 1320 1283 1362 earum
1298 1303 1406 1362 autern

202 1424 340 1480 ·rerum,
365 1427 447 1488 qnae
469 1426 566 1488 snpra
589 1405 836 1488 comprehensae
861 1409 947 1481 sunt,
971 1405 1005 1468 in
1028 1404 1132 1488 ipsum
1156 1405 1189 1468 in
1206 1403 1347 1487 duplum,
1371 1405 1404 1466 in

223 1510 372 1574 heredem
396 1510 473 1588 eius,
498 1509 581 1594 qnod
606 1509 680 1573 dolo
696 1511 781 1574 malo
805 1511 872 1574 eins
890 1509 1012 1576 factum
1029 1533 1096 1575 esse
1112 1511 1234 1575 dicetur
1249 1509 1305 1593 qui
1319 1530 1404 1572 mor·

222 1615 373 1692 inussit,
397 1615 430 1676 in
454 1614 615 1698 simplum,
640 1616 724 1698 qnod
747 1615 859 1699 ipsius,
883 1617 918 1680 in
943 1617 1074 1699 duplum
1097 1615 1250 1679 indicium
1273 1613 1382 1678 dabo⁴‚

312 1721 406 1784 2-7.
443 1719 599 1784 Fiducine
614 1721 660 1784 oct
676 1721 810 1798 contra⁶,
835 1722 978 1786 mandati
994 1721 1044 1785 vel
1059 1717 1197 1798 contrass,
1220 1741 1278 1804 pro
1294 1719 1404 1798 soeio⁷,

218 1827 322 1910 empti
346 1823 493 1903 venditi⁸,
517 1825 614 1888 locati
637 1827 815 1905 eonducti⁹,
840 1827 876 1890 de
899 1824 1098 1890 nestinroto¹⁰.

310 1929 398 1994 XIX.
436 1929 488 1994 De
512 1951 554 1992 re
579 1930 763 1994 uxoria¹¹.
812 1932 839 1993 1.
864 1927 977 1993 ‘Soluto
1000 1929 1205 1993 matrimonio
1221 1929 1277 1993 dos
1294 1926 1508 2013 quem-3:353:

218 2036 390 2100 admodum
407 2031 579 2118 petatur&
603 2034 633 2098 2.
651 2035 688 2098 de
700 2035 892 2112 anet-atroa-
916 2035 945 2098 3.
964 2034 1257 2098 northusunense
1270 2083 1400 2099 .......

310 2140 381 2205 ΧΧ.
418 2139 647 2204 Deliberas
674 2140 950 2202 etdooentre.
998 2140 1026 2202 1.
1062 2137 1110 2201 De
1133 2139 1339 2222 agnoscendis
1363 2139 1485 2202 lina.
1567 2152 1569 2157 ’
1659 2122 1668 2141 “

221 2246 349 2310 beris¹⁵.

311 2353 340 2417 2.
373 2348 423 2414 De
446 2348 640 2432 inspiciendo
670 2354 780 2412 ventre
803 2350 1071 2434 custodiendoque
1093 2357 1227 2434 partun.
1274 2349 1307 2414 Si
1331 2375 1401 2416 mu·
1420 2373 1483 2408 aa.

220 2455 281 2520 tier
316 2459 442 2519 mortuo
477 2455 593 2518 marito
629 2457 835 2538 praegnatem
870 2476 903 2518 se
938 2475 1005 2518 esse
1039 2455 1138 2534 dicet,
1172 2456 1222 2520 his
1253 2458 1292 2524 ad
1323 2479 1402 2541 quos

221 2583 260 2625 ea
291 2582 340 2624 res
372 2557 548 2642 pertinebit
570 2559 868 2641 procuratoritnsve
891 2580 1000 2624 eorum
1023 2560 1072 2624 bis
1094 2563 1128 2624 in
1152 2583 1258 2627 mense
1280 2563 1400 2626 denun-

221 2667 368 2731 tiandum
392 2669 497 2743 curet,
531 2663 568 2726 nt
591 2664 732 2741 mittant,
763 2665 790 2728 si
814 2665 922 2743 velint,
954 2687 1035 2749 quae
1058 2671 1200 2731 ventrem
1222 2667 1400 2751 inspicient.

222 2773 395 2836 mittantur
419 2776 524 2835 autem
548 2770 699 2835 mulieres
722 2771 841 2835 liberae
865 2771 1032 2835 dumtaxat
1054 2771 1195 2857 quinque
1218 2773 1340 2858 haeque
1358 2775 1400 2838 si-

222 2877 290 2940 mul
314 2897 423 2939 omnes
445 2877 633 2959 inspiciant,
667 2876 742 2939 dum
770 2871 809 2940 ne
833 2899 896 2960 qua
918 2899 1027 2940 earnm
1051 2877 1126 2941 dum
1149 2879 1278 2962 inspicit
1299 2880 1401 2944 invita

220 2982 354 3045 muliere
378 2985 520 3044 ventrem
544 2984 668 3064 tangat.
702 2981 817 3045 mulier
840 2983 873 3044 in
898 2983 991 3046 domu
1008 2983 1249 3048 honestissimae
1264 2985 1401 3050 feminae

220 3086 343 3169 pariat,
379 3107 474 3169 qnam
498 3107 559 3168 ego
583 3087 784 3150 constituam.
821 3087 936 3151 mulier
960 3093 1033 3152 ante
1057 3089 1122 3152 dies
1145 3089 1281 3174 triginta
1304 3100 1399 3174 quarn

218 3191 396 3274 parituram
419 3211 453 3252 se
475 3195 578 3272 putat,
603 3190 767 3255 denuntiet
791 3191 841 3254 his
866 3193 905 3256 ad
930 3214 1010 3277 qnos
1032 3215 1069 3257 ea
1085 3216 1134 3257 res
1150 3195 1298 3276 pertinet,
1327 3217 1398 3277 pro-

292 3415 318 3484 1)
337 3416 373 3469 D.
393 3419 478 3481 14,5,2
494 3431 536 3484 pr.
563 3445 597 3454 —-
616 3416 644 3484 2)
665 3415 751 3469 Rnbr.
770 3416 808 3470 D.
828 3418 893 3482 16,1.
930 3415 973 3484 Of.
992 3417 1056 3470 ibid.
1075 3421 1193 3484 ein-15.
1217 3449 1245 3458 -
1267 3421 1294 3488 3)
1313 3419 1398 3474 Rubr.

219 3503 256 3558 D.
276 3505 343 3567 16,3.
380 3503 467 3556 Hand
487 3505 543 3556 seio
561 3521 598 3556 on
615 3509 726 3571 praetor
744 3505 824 3556 etium
843 3504 874 3556 de
892 3505 1029 3558 contremo
1048 3505 1148 3558 iudicio
1167 3507 1291 3574 edoceret,
1318 3525 1341 3562 o.
1360 3510 1398 3563 D.

220 3593 301 3656 (16,2)
315 3595 331 3644 5
340 3609 384 3660 pr.
405 3621 436 3632 -
455 3594 485 3658 4)
500 3591 535 3644 D.
546 3594 667 3660 16‚3,1,1.
688 3590 831 3659 Duple'eem
849 3593 963 3646 aetionis
982 3592 1135 3660 formulam,
1154 3597 1307 3650 torciniaco
1319 3613 1399 3664 quum

215 3679 363 3746 infactum
381 3684 533 3746 conceptam
549 3679 653 3732 exhibet
672 3678 735 3733 Gai.
748 3682 816 3746 4,47.
837 3709 869 3720 -
889 3682 915 3746 5)
936 3679 977 3746 Of.
996 3679 1082 3736 Zac.
1101 3685 1193 3746 16‚104
1201 3700 1265 3752 sqq,
1284 3687 1398 3752 1773qq.

219 3796 251 3805 -
271 3769 297 3832 6)
316 3766 401 3821 conr.
421 3767 458 3819 D.
478 3771 541 3827 17,1.
561 3797 595 3805 -
615 3769 641 3834 7)
660 3767 745 3820 Rcbr.
765 3767 802 3820 D.
821 3771 888 3829 17,2.
906 3798 940 3806 -
959 3767 989 3832 8)
1010 3768 1051 3836 ὁ).
1072 3768 1157 3823 Rubr.
1176 3771 1290 3837 D.19,1.
1328 3763 1398 3825 Forss

216 3855 316 3907 merlam
335 3871 358 3909 c.
377 3853 440 3906 Gai.
453 3857 638 3919 aconensis,
660 3854 711 3908 Gz'c.
733 3855 764 3908 de
776 3855 822 3923 off.
837 3859 946 3922 3,16,66.
967 3887 999 3894 —
1021 3857 1048 3924 9)
1067 3857 1152 3910 nune.
1166 3857 1204 3910 D.
1215 3861 1282 3926 19,2.·
1300 3889 1334 3898 -
1357 3860 1398 3924 10)

220 3941 262 4008 Cf.
282 3941 367 3994 Reor.
382 3941 490 4006 1).19,3
508 3940 551 3994 ‘de
570 3941 780 3997 aestimatoria'.
816 3943 886 3996 Ibid.
905 3947 992 4011 Ipa:
1013 3944 1095 3998 ‘netto
1114 3944 1148 3998 de
1167 3945 1317 4000 aestimato
1337 3963 1399 4016 pro·

218 4027 334 4097 ponitur
357 4027 503 4082 tollendae
522 4027 708 4083 dantationis
726 4030 838 4098 gratic'.
876 4031 920 4085 De
938 4033 994 4086 loco
1013 4033 1094 4087 huius
1105 4035 1243 4102 formulae
1266 4051 1289 4088 o.
1307 4035 1397 4101 Leael,
1438 4051 1439 4058 ¹

219 4113 407 4183 Polinyeaesiu
426 4115 467 4181 11,
484 4133 512 4183 p.
531 4117 600 4168 1250
617 4133 642 4167 n.
662 4119 686 4169 4.
725 4116 904 4186 Praesc‘rc'pn's
920 4119 1006 4172 certis
1023 4121 1137 4174 actionis
1155 4121 1305 4188 formatam
1322 4139 1398 4190 pene-

216 4203 300 4255 rctem
315 4208 426 4268 praetor
444 4219 499 4256 aon
512 4211 698 4270 proposuerat,
731 4235 761 4243 -
785 4207 826 4267 11)
845 4206 888 4274 Cf.
908 4206 994 4260 Robr.
1009 4207 1050 4274 fr.
1077 4207 1127 4260 Vct
1153 4213 1282 4262 94-122.
1300 4238 1335 4248 -
1357 4211 1397 4274 12)

218 4287 304 4341 naor.
323 4289 360 4340 D.
379 4292 447 4354 24‚3.
470 4320 499 4328 -
524 4289 565 4354 13)
586 4289 614 4344 0.
636 4294 772 4358 5,13‚1,3r.·
796 4292 927 4346 ‘edictum
947 4295 1094 4362 praetoris,
1113 4295 1186 4362 qnod
1206 4295 1239 4349 de
1259 4297 1397 4350 alterutro

214 4374 409 4430 introductum
428 4376 486 4431 est'.
510 4407 539 4416 -
563 4379 607 4445 14)
628 4377 669 4446 Of.
691 4379 775 4433 Rnbr.
795 4381 832 4434 D.
852 4383 920 4445 25,2.
941 4413 976 4420 -
997 4382 1043 4448 15)
1062 4380 1147 4436 Itnhr.
1168 4381 1203 4435 D.
1217 4385 1284 4449 25,3.
1305 4413 1337 4420 —
1354 4384 1397 4451 16)

214 4461 302 4516 Rnbr.
325 4462 360 4514 D.
379 4468 449 4529 25,4.
