3386 5240
243 403 246 410 ’
311 386 330 447 4
794 383 882 454 Leges
905 385 1007 455 regiae.

311 598 350 608 -
375 561 409 622 όν
433 560 526 632 αύτός
550 557 700 644 ἐβούλετο
723 557 826 642 νέμειν
850 561 1043 646 προστάτην,
1066 599 1110 612 ·-
1126 565 1319 647 πατρωνείαν
1336 567 1496 650 ὀνομάσας

308 669 363 749 τὴν
387 661 589 747 προστασίαν.

400 773 429 836 2.
453 769 552 834 Dicit.
576 769 713 850 (2,10;)1
745 767 805 832 Ἦν
829 770 863 832 δὲ
886 774 925 834 τά
949 770 1001 834 ὑπ’
1023 773 1143 836 ἐκείνου
1166 774 1238 836 τότε
1261 774 1426 857 ὁρισθέντα
1449 813 1492 824 -

310 880 369 962 έθη
399 877 469 958 περί
496 877 551 947 τὰς
582 873 777 954 πατρωνείας
806 873 928 939 τοιάδεί
962 880 1035 952 τοὺς
1060 879 1115 960 μὲν
1137 880 1320 964 πατρικίους
1343 883 1406 946 ἔδει
1428 891 1493 956 τοῖς

310 984 429 1047 ἑαυτῶν
450 979 601 1053 πελάταις
626 977 810 1062 ἐξηγεῖσθαι
832 983 872 1043 τὰ
895 981 1014 1064 δίκαια,
1038 1019 1081 1031 -
1105 983 1195 1058 δίκας
1217 1006 1251 1047 τε
1267 985 1345 1068 ὑπερ
1360 995 1422 1049 τῶν
1437 1007 1492 1048 πε-

310 1089 413 1152 λατῶν
439 1082 653 1167 ἀδικουμένων
677 1082 847 1167 λαγχάνειν
870 1123 914 1133 -
937 1089 993 1150 καί
1011 1098 1075 1162 τοῖς
1091 1089 1279 1172 ἐγκαλοῦσιν
1295 1089 1421 1174 ὑπέχειν
1437 1129 1493 1156 -.

309 1196 381 1266 τοὺς
405 1192 440 1254 δὲ
462 1189 600 1264 πελάτας
625 1188 688 1251 ἔδει
712 1198 776 1264 τοῖς
800 1189 924 1256 ἑαυτῶν
947 1193 1137 1274 προστάταις
1159 1193 1339 1277 θυγατέρας
1362 1216 1395 1258 τε
1419 1216 1492 1258 συν-

309 1295 493 1362 εκδίδοσθαι
522 1291 740 1376 γαμουμένας,
772 1295 798 1356 εί
822 1295 997 1374 σπανίζοιεν
1026 1297 1054 1360 oi
1076 1297 1209 1381 πατέρες
1232 1299 1412 1383 χρημάτων,
1436 1302 1493 1362 καί

310 1402 409 1484 λύτρα
432 1397 643 1484 καταβάλλειν
666 1396 836 1481 πολεμίοις,
860 1401 955 1474 εἴτις
979 1402 1081 1465 αὐτῶν
1103 1404 1124 1486 ἠ
1147 1403 1266 1466 παίδων
1290 1404 1490 1488 αἰχμάλωτος

309 1507 444 1592 γένοιτο·
469 1503 559 1576 δίκας
582 1523 616 1566 τε
640 1501 778 1566 ἁλόντων
803 1504 879 1579 ίδίας
902 1507 923 1589 ἢ
947 1506 1061 1590 ζημίας
1084 1507 1243 1590 ὀφλόντων
1267 1509 1418 1594 δημοσίας
1434 1510 1494 1592 ἀρ-

309 1613 438 1698 γυρικὸν
462 1609 597 1692 ἐχούσας
620 1609 737 1692 τίμημα
761 1609 876 1673 ἐκτῶν
893 1611 977 1674 ἰδίων
995 1611 1131 1676 λύεσθαι
1146 1615 1315 1698 χρημάτων
1330 1651 1383 1678 -.
1400 1623 1491 1698 κοινη

312 1715 339 1781 δ’
362 1713 548 1800 ἀμφοτέροις
578 1714 649 1775 οὔτε
678 1714 762 1775 όσιον
787 1716 859 1778 σύτε
882 1714 974 1798 θέμις
998 1718 1036 1800 ην
1059 1729 1247 1802 κατηγορεῖν
1271 1717 1418 1804 ἀλλήλων
1442 1719 1496 1782 ἐπί

310 1822 400 1896 δίκας
423 1822 444 1904 η
467 1827 720 1901 καταμαρτυρεῖν
744 1820 764 1902 ἢ
791 1819 898 1902 ψῆφον
922 1821 1061 1884 ἐναντίαν
1085 1822 1239 1906 ἐπιφέρειν
1262 1861 1313 1889 -.
1347 1826 1373 1887 εί
1396 1823 1430 1887 δέ
1446 1845 1494 1898 τις

311 1923 514 2009 ἐξελεγχθείη
544 1909 662 1984 τούτων
693 1943 721 1984 τι
751 1924 1032 2008 διαπραττόμενος,
1063 1927 1173 2011 ἔνοχος
1200 1931 1238 2014 ἠν
1261 1938 1304 2014 τῷ
1327 1931 1412 2013 νόμῳ
1435 1939 1494 2013 τῆς

310 2029 488 2114 προδοσίας,
513 2029 546 2090 όν
571 2027 730 2109 ἐκύρωσεν
755 2028 772 2090 ό
795 2026 967 2112 Ῥωμύλος,
991 2033 1044 2093 τόν
1066 2031 1100 2094 δὲ
1117 2031 1234 2096 ἁλόντα
1249 2043 1293 2118 τῷ
1310 2032 1495 2119 βουλομένῳ

311 2135 441 2198 κτείνειν
465 2135 549 2196 όσιον
572 2135 610 2216 ἠν
634 2131 676 2206 ὡς
701 2133 789 2216 θύμα
813 2144 868 2195 τού
892 2136 1108 2219 καταχθονίου
1131 2136 1239 2213 Διός.2

398 2240 428 2304 3.
462 2237 561 2302 Βίου.
586 2237 779 2322 (2‚12.14):³
810 2237 846 2303 Ὁ
872 2239 906 2303 δὲ
929 2239 1090 2325 Ῥωμύλος
1114 2243 1220 2327 ἐπειδη
1244 2251 1343 2306 ταῦτα
1367 2243 1493 2307 διεκόσ-

310 2377 519 2386 ———-..-..

383 2435 409 2505 1)
427 2432 629 2502 (Constitutum
650 2434 719 2486 tuno
739 2435 783 2486 est
801 2433 840 2486 ab
860 2433 911 2488 illo
929 2433 973 2487 ius
991 2437 1159 2504 patronatus
1174 2433 1246 2488 tsle:
1266 2433 1400 2504 patricios
1412 2451 1496 2503 opor--

309 2523 391 2578 tebat
409 2519 558 2575 clientibus
577 2520 634 2572 suis
652 2519 696 2572 ius
717 2518 911 2588 interpretari,
930 2520 995 2575 lites
1014 2539 1064 2591 pro
1082 2522 1129 2586 eis,
1148 2522 1171 2574 si
1189 2521 1293 2576 iniuria
1306 2521 1493 2585 afficerentur,

309 2608 463 2671 intendere,
485 2605 635 2676 agentibus
656 2605 770 2668 adesse;
792 2606 909 2661 clientes
930 2624 995 2664 vero
1008 2610 1156 2678 oportebat
1173 2611 1306 2678 patronos
1319 2625 1382 2663 suos
1394 2608 1494 2662 iuvare

309 2698 337 2751 in
358 2693 527 2750 collocandis
544 2692 668 2756 filiabus,
689 2691 712 2745 si
730 2695 868 2761 parentes
886 2693 985 2763 opibus
1005 2699 1140 2762 carerent,
1160 2695 1197 2749 ab
1213 2693 1339 2750 hostibus
1357 2693 1497 2748 redimere

310 2801 355 2840 eos
374 2781 397 2835 si
416 2780 470 2850 ipsi
489 2783 539 2834 cut
557 2779 639 2834 liberi
658 2780 734 2852 cepti
755 2783 856 2845 essent,
876 2785 904 2835 et
918 2784 979 2835 tom
992 2779 1155 2839 iudiciorum
1170 2782 1346 2852 privatorum
1359 2780 1494 2834 aestima·

309 2871 399 2926 tiones
411 2885 496 2937 quam
515 2866 642 2933 publicas
661 2868 780 2933 multas,
800 2867 823 2920 si
843 2869 1023 2923 condemnati
1041 2872 1141 2933 essent,
1162 2887 1213 2940 pro
1228 2868 1266 2923 eis
1279 2868 1391 2924 solvere.
1412 2867 1491 2922 (lom-

310 2956 433 3012 muniter
452 2957 547 3010 autom
566 2954 692 3022 utrisque
719 2953 762 3008 ius
781 2954 882 3024 fasque
907 2973 963 3012 non
983 2960 1045 3010 erat
1063 2956 1184 3012 invicem
1202 2973 1231 3010 se
1249 2971 1385 3018 accusare,
1412 2954 1495 3008 testi·

310 3044 434 3100 monium
452 3041 601 3095 adversum
620 3040 745 3094 alterum
767 3040 858 3095 dicere
878 3043 922 3096 vel
941 3042 1106 3112 suffragium
1126 3047 1224 3099 contra
1236 3059 1299 3097 eum
1312 3041 1394 3098 ferre.
1412 3039 1490 3106 Quod

309 3132 333 3186 si
352 3130 414 3200 quis
433 3128 568 3184 eiusmodi
586 3127 703 3183 alicuius
725 3128 862 3184 facinoris
882 3131 1025 3186 convictus
1038 3133 1116 3196 esset,
1135 3128 1303 3201 proditionis
1315 3128 1386 3197 lege,
1405 3144 1493 3196 quem

309 3215 1488 3288 Romulussanxerot,obnoxiusfuit,condemnatumqueinterficerentllitisaorum,

309 3305 424 3364 cuilibet
443 3303 569 3373 licebat.)
595 3302 637 3372 Cf.
657 3303 733 3359 Prot.
755 3304 833 3359 Rern.
847 3309 886 3361 13.
906 3335 942 3344 -
960 3307 987 3376 2)
1011 3306 1091 3362 Vetus
1108 3313 1146 3361 est
1163 3307 1327 3375 disceptatio,
1345 3311 1436 3359 otram
1454 3310 1493 3370 τῷ

308 3400 378 3463 νόμῳ
396 3401 444 3462 τῆς
462 3398 602 3459 προδοσίας
619 3393 753 3461 petieratis
774 3393 806 3446 de
814 3394 969 3462 proditione
987 3395 1030 3448 lea
1045 3396 1081 3449 sit
1092 3395 1275 3464 ι’κίαίίορεκάα,
1295 3409 1348 3462 qua
1359 3397 1496 3460 petronus

270 3523 272 3527 -
309 3499 412 3552 quoque
435 3482 567 3535 obnoxius
590 3481 651 3548 fieri
669 3483 803 3550 potuerit,
832 3499 869 3535 aa
892 3483 1018 3551 specialis
1041 3483 1073 3535 de
1090 3483 1206 3552 petroni
1228 3481 1355 3534 ademeris
1372 3479 1493 3539 clientem

304 3570 415 3638 fraude.
452 3567 529 3621 Illud
550 3575 612 3637 post
630 3569 699 3622 alios
717 3569 835 3638 defendit
854 3569 940 3624 Dicet
964 3570 1117 3637 (Verscebe
1132 3586 1159 3637 p.
1179 3571 1237 3636 15),
1263 3569 1376 3621 alteram
1394 3567 1496 3620 rectius-

312 3657 423 3710 detlio
442 3655 606 3723 (prerduelliO,
622 3673 650 3726 p.
663 3658 771 3723 21-7).
808 3656 932 3709 Eandem
952 3673 1005 3710 esse
1023 3657 1110 3725 tepere,
1130 3671 1210 3723 quom
1229 3654 1296 3708 XII
1305 3653 1414 3707 rabulae
1431 3655 1495 3719 8,,21

310 3744 439 3806 exhibent,
465 3743 604 3810 repetitam
620 3743 720 3797 scilieet
741 3760 754 3796 e
773 3742 887 3796 Romuli
904 3743 1014 3812 lepidus,
1041 3744 1098 3796 ocii
1115 3743 1202 3796 amite
1219 3748 1263 3795 est.
1303 3740 1344 3809 Cf.
1363 3740 1491 3806 Dirksen,

310 3832 357 3901 lep.
375 3847 428 3900 rep.
447 3833 509 3884 286.
546 3829 712 3896 Mammisea,
739 3829 931 3899 Forscbuirpeii
953 3834 1030 3898 1,384
1054 3847 1081 3886 κ.
1100 3833 1141 3884 52.
1161 3855 1197 3867 -
1219 3830 1247 3897 3)
1264 3827 1410 3895 (Romulus
1429 3844 1494 3880 cum.

310 3919 379 3972 haec
397 3916 596 3984 constituisset,
616 3917 788 3972 consultores
807 3915 958 3970 instituere
979 3915 1111 3981 decrevit,
1130 3914 1293 3984 quibuscum
1309 3929 1352 3967 res
1364 3912 1497 3982 publicas

310 4005 529 4069 administraret,
549 4003 703 4074 epatriciis
722 4003 832 4059 cviros
851 4003 967 4072 eligens.
1000 4003 1053 4057 His
1071 4001 1232 4058 constitutis
1250 4000 1396 4054 distribuit
1414 4003 1491 4068 pote-

310 4095 413 4160 states,
437 4107 506 4162 quas
524 4109 753 4162 unumquemque
775 4091 879 4145 babere
899 4091 1023 4146 volebat.
1060 4092 1100 4144 Ac
1118 4089 1179 4160 regi
1197 4088 1309 4160 quidem
1327 4088 1429 4142 haecce
1448 4089 1492 4140 at-

310 4180 413 4235 tribuit
430 4180 506 4234 iura:
531 4181 652 4249 primum
680 4183 712 4233 ut
732 4196 875 4234 sacrorum
893 4181 923 4234 et
941 4177 1139 4234 sacrificiorum
1158 4177 1276 4232 heberet
1293 4174 1491 4244 principatum,

309 4271 372 4323 tum
390 4269 422 4322 ut
432 4268 526 4336 legum
537 4283 700 4337 morumque
708 4266 869 4336 patriorum
879 4268 951 4320 esset
968 4267 1068 4331 custos,
1086 4265 1121 4320 de
1130 4263 1306 4336 gravioribus
1315 4260 1425 4316 delictis
1433 4262 1498 4331 ipse

310 4355 496 4425 cognosceret,
516 4352 623 4408 leviora
637 4351 813 4408 senatoribus
830 4351 1027 4418 committeret,
1047 4355 1174 4408 senatum
1191 4352 1302 4420 cogeret
1314 4351 1343 4404 et
1357 4349 1495 4419 populum

310 4442 475 4498 convocaret
494 4441 568 4496 etin
587 4440 661 4496 bello
679 4457 819 4495 summum
844 4439 965 4494 haberet
976 4439 1133 4510 imperium.
1160 4436 1280 4494 Consilio
1293 4439 1406 4492 senatus
1419 4435 1497 4490 hanc
