3400 5250
681 361 779 440 Edicta
797 389 968 456 praetorum.
1353 390 1416 456 225

239 585 300 646 que
325 562 514 647 [privato]¹‚
549 586 578 646 q.
603 564 632 628 d.
657 586 685 628 a.
710 561 776 648 [vel
799 559 878 648 via]¹
904 562 964 628 hoo
987 585 1070 628 anno
1093 585 1150 628 nee
1173 587 1201 630 v.
1225 588 1255 630 u.
1280 587 1305 630 c.
1330 589 1360 631 u.
1385 590 1413 650 p.

240 668 280 732 ab
304 668 362 732 illo
386 689 462 731 usus
486 691 528 746 es,
553 668 743 752 quominus
766 669 813 732 ita
836 669 947 747 utaris,
970 691 998 733 v.
1024 668 1047 733 f.
1072 667 1128 734 κη’.

329 771 359 839 b.
396 773 466 850 Quo
488 773 603 838 itinere
626 778 754 854 actuque
776 795 802 854 q.
825 774 855 837 d.
880 795 909 836 a.
933 774 972 848 ie,
997 795 1015 838 α
1040 795 1099 856 quo
1123 776 1232 854 emisti,
1255 776 1311 840 hoo
1332 797 1414 841 aeuo

238 899 268 944 u.
286 901 313 942 o.
329 901 360 944 u.
378 899 401 942 e.
419 900 449 942 u.
463 901 496 960 p.
522 879 561 942 ob
584 877 640 942 illo
663 900 738 942 usus
762 882 819 956 est,
843 899 906 962 quo
929 877 1034 942 minus
1057 880 1102 944 ua
1124 882 1235 960 morie,
1260 905 1287 944 v.
1305 882 1327 947 f.
1346 881 1391 946 v.³

325 1007 350 1048 c.
382 985 452 1059 Quo
475 985 590 1048 itinere
613 987 749 1067 actuque
771 981 832 1048 hoo
855 1005 939 1048 auno
961 1005 1024 1048 non
1050 1008 1079 1049 v.
1103 1007 1134 1050 u.
1152 1007 1177 1049 e.
1198 1009 1228 1050 u.
1245 1008 1274 1069 p.
1301 985 1413 1051 abillo

237 1111 311 1154 usus
335 1112 386 1168 eS,
415 1112 478 1174 quo
502 1089 606 1153 miuus
629 1088 661 1153 id
685 1089 746 1152 iter
770 1093 954 1174 actumque,
987 1094 1025 1154 ut
1046 1091 1105 1155 tibi
1128 1091 1178 1154 ius
1200 1094 1257 1170 est,
1282 1091 1413 1169 reficias,

237 1217 266 1258 v.
283 1193 307 1258 f.
325 1217 352 1260 v.
389 1194 449 1270 Qui
473 1193 533 1258 hoe
555 1193 724 1257 interdicto
749 1193 796 1256 uei
812 1192 907 1270 volet,
930 1194 957 1258 is
974 1195 1154 1260 adversario
1170 1196 1276 1260 damni
1293 1195 1412 1272 infecti,

238 1301 320 1384 quod
346 1322 402 1383 per
425 1300 491 1364 eius
515 1297 633 1380 operis⁴
658 1298 770 1361 vitium
795 1299 904 1362 datum
928 1299 979 1376 sie,
1004 1301 1140 1366 caveat⁵.

335 1407 384 1472 10.
419 1404 474 1470 De
505 1427 615 1488 aqua
646 1403 888 1468 cottidiana
921 1410 960 1470 et
990 1406 1165 1470 aestiva.
1212 1429 1239 1472 a.
1277 1399 1501 1480 Utih0031533

236 1533 319 1575 enno
344 1533 474 1595 aquam,
505 1533 535 1594 q.
560 1510 588 1573 d.
612 1531 651 1586 s,
683 1532 747 1574 non
771 1533 800 1573 v.
826 1533 856 1574 n.
883 1510 922 1574 el.
946 1533 977 1574 n.
1000 1533 1031 1594 p.
1056 1511 1175 1575 abillo
1198 1512 1327 1590 duxisti,
1351 1533 1414 1595 quo

235 1616 340 1680 minus
364 1616 410 1679 ita
432 1616 538 1693 duooS,
562 1638 591 1679 v.
615 1615 638 1678 f.
663 1614 709 1680 v.⁰

325 1721 355 1788 b.
393 1720 451 1786 Uti
475 1721 582 1804 priore
605 1723 726 1784 aestate
750 1741 875 1804 aquam,
900 1744 929 1804 q.
948 1721 977 1785 d.
995 1743 1034 1795 a..
1058 1743 1114 1784 nec
1129 1743 1158 1784 v.
1175 1744 1206 1785 u.
1223 1722 1261 1785 ol.
1278 1744 1308 1784 n.
1326 1743 1356 1804 p.
1373 1721 1413 1784 eb

235 1827 292 1892 illo
318 1827 446 1903 duxisti,
471 1827 661 1910 quominus
684 1827 731 1890 ita
753 1825 857 1904 ducas
883 1849 910 1892 v.
928 1827 949 1892 f.
968 1825 1014 1892 v.⁷

324 1954 352 1996 o.
388 1929 467 1994 Item
503 1931 587 1993 inter
619 1929 749 1994 heredes
784 1933 940 2012 emptores
974 1933 1007 1993 et
1034 1930 1189 1994 bonorum
1220 1953 1413 2015 possessores

232 2035 448 2100 interdioau1⁸.

323 2140 351 2204 d.
390 2138 458 2214 Quo
491 2161 528 2202 ex
553 2138 683 2204 castello
712 2138 761 2203 illi
785 2161 900 2222 aquam
924 2138 1036 2203 ducere
1059 2140 1099 2202 ab
1122 2162 1173 2219 eo,
1206 2142 1256 2206 oui
1279 2142 1346 2206 eius
1368 2141 1414 2206 rei

231 2245 282 2310 ius
309 2245 381 2324 fuit,
405 2246 594 2328 permissum
619 2249 676 2322 est,
702 2245 893 2328 quominus
917 2244 963 2307 ita
979 2245 1027 2306 uti
1042 2245 1228 2327 permissum
1245 2250 1292 2310 est
1308 2245 1412 2322 ducat,

232 2375 260 2418 v.
290 2352 313 2415 f.
339 2374 367 2417 v.
415 2350 611 2433 Quandoque
642 2349 680 2412 de
703 2371 797 2433 opere
818 2347 964 2413 faciendo
986 2349 1188 2414 interdictum
1213 2352 1283 2428 erit,
1306 2351 1413 2416 damni

232 2455 343 2520 infecti
367 2455 471 2518 caveri
493 2451 636 2519 iubebo⁸.

319 2584 344 2625 e.
380 2559 440 2623 De
465 2559 585 2622 rivis.
635 2556 731 2621 Rivos
755 2579 865 2640 specus
888 2562 978 2641 septa
1001 2558 1128 2624 reficere
1150 2581 1289 2646 purgare
1312 2582 1412 2645 equae

231 2666 391 2730 ducendae
416 2687 511 2730 causa
534 2662 704 2747 quominus
729 2661 822 2726 liceat
838 2661 897 2741 illi,
921 2663 996 2727 dum
1012 2685 1051 2727 ne
1066 2663 1160 2728 aliter
1176 2687 1291 2748 aquam
1307 2665 1411 2739 ducat,

230 2793 325 2854 quam
358 2771 406 2834 uhi
439 2770 495 2832 hoe
517 2790 600 2832 oeuto
624 2774 679 2832 out
716 2768 822 2852 priore
844 2772 964 2832 aesteue
987 2790 1049 2834 non
1074 2792 1156 2834 uu.
1181 2792 1206 2834 o.
1231 2775 1412 2854 upote

230 2875 330 2954 duxit,
355 2898 384 2938 v.
402 2875 423 2939 f.
442 2877 486 2938 v.⁹

321 2982 341 3044 f.
378 2981 432 3045 De
455 2982 587 3046 fonte.
634 2978 693 3044 Uti
716 2980 754 3043 de
777 3001 812 3042 eo
835 2979 934 3057 fonte,
958 3004 987 3064 q.
1013 2982 1041 3044 d.
1058 3003 1096 3057 α..
1122 2981 1182 3045 hoo
1205 3003 1288 3044 anno
1312 3003 1368 3046 neo
1386 3005 1412 3044 v·

229 3110 261 3150 n.
287 3087 324 3153 ol.
355 3109 387 3149 n.
412 3109 440 3170 p.
464 3086 504 3148 ab
528 3085 585 3149 illo
608 3107 683 3148 usus
706 3107 748 3159 es
779 3083 969 3166 quominus
998 3084 1045 3148 ita
1068 3084 1177 3161 utaris,
1202 3107 1229 3146 v.
1247 3083 1270 3148 f.
1288 3108 1316 3150 v.
1362 3083 1412 3148 De

229 3193 298 3256 lacu
329 3195 426 3275 puteo
451 3191 571 3278 piscina
594 3191 671 3253 item
693 3187 915 3253 interdicam¹⁰.

322 3318 352 3380 g.
390 3295 460 3372 Quo
483 3295 589 3358 minus
613 3294 745 3370 fontem,
769 3315 798 3376 q.
823 3293 852 3357 d.
877 3316 917 3372 u,
940 3314 1057 3378 purges
1080 3292 1212 3369 reficias,
1236 3297 1273 3355 ut
1295 3316 1409 3377 aquam

230 3424 377 3467 coercere
410 3403 522 3485 utique
554 3423 590 3464 ea
613 3400 729 3484 possis,
762 3400 833 3462 dum
859 3421 899 3462 ne
922 3399 1015 3462 aliter
1038 3398 1138 3461 utaris
1162 3401 1257 3480 atque
1280 3399 1328 3462 uti
1350 3399 1410 3463 hoo

228 3530 311 3572 anno
347 3529 412 3570 non
436 3530 465 3570 v.
484 3529 513 3569 u.
531 3527 557 3570 o.
573 3529 603 3570 u.
623 3528 652 3588 p.
677 3503 717 3567 ab
740 3503 796 3567 illo
819 3526 894 3567 usus
917 3527 960 3581 es,
984 3526 1012 3566 v.
1029 3502 1052 3566 f.
1070 3503 1125 3566 v.1¹

322 3614 372 3677 11.
401 3612 455 3676 Do
480 3611 614 3675 oloaoi
627 3633 649 3674 s.
686 3633 714 3673 a.
739 3609 808 3684 Quo
824 3611 929 3673 miuus
945 3609 994 3674 illi
1009 3609 1157 3686 cloacam,
1175 3631 1256 3692 quae
1271 3630 1308 3672 ex
1325 3609 1408 3672 aedi·
1430 3630 1483 3671 uu

227 3719 286 3783 bus
313 3718 381 3781 eius
404 3717 437 3779 in
463 3721 534 3779 tuas
559 3716 708 3799 pertinet,
734 3738 763 3799 q.
781 3716 810 3779 d.
828 3739 866 3793 a.‚
884 3736 1021 3800 purgare
1038 3713 1165 3778 reficere
1181 3714 1284 3791 liceat,
1301 3737 1329 3778 v.
1343 3713 1366 3779 f.
1379 3737 1409 3780 v.

227 3822 347 3887 Damni
373 3821 493 3898 infecti,
517 3822 601 3904 quod
625 3820 732 3904 operis
756 3820 835 3883 vitio
858 3820 979 3883 factum
1003 3819 1054 3898 sie,
1078 3820 1181 3882 caveri
1205 3819 1363 3886 iubebo¹².

319 3928 352 3991 b.
385 3925 476 4002 Quod
500 3927 532 3988 in
559 3925 665 3989 cloaca
689 3924 817 4008 publiea
840 3925 958 3989 sactum
983 3923 1048 3988 sive
1072 3923 1133 4008 [ea]
1158 3925 1335 3988 immissum
1352 3924 1410 3988 ha·

302 4120 328 4186 1)
347 4117 478 4171 Dezeeua.
498 4145 530 4156 -
551 4116 579 4182 2)
599 4115 635 4169 D.
655 4119 815 4185 43‚19,1pr.
834 4145 869 4155 -
888 4115 916 4178 3)
939 4114 980 4183 os.
1001 4114 1037 4170 D.
1055 4118 1183 4182 43,1‚2‚3‚·
1200 4118 1355 4181 43‚20,1,37.
1375 4145 1408 4154 -

226 4205 254 4274 4)
279 4205 323 4273 of.
342 4205 378 4258 D.
397 4207 499 4271 43‚19,5
518 4206 534 4256 e.
550 4203 575 4271 f.
595 4235 629 4243 -
649 4205 675 4274 5)
695 4204 732 4258 D.
753 4208 906 4273 43,19‚3,11.
935 4235 960 4243 -
983 4203 1010 4273 6)
1030 4203 1066 4257 D.
1085 4208 1250 4270 43,20,1pr.
1272 4233 1294 4242 -
1323 4203 1352 4269 7)
1371 4201 1406 4256 D.

224 4297 386 4361 43‚20‚1,29.
405 4323 440 4332 ·-
458 4293 485 4361 8)
504 4291 540 4344 D.
555 4295 762 4360 43‚20,1,37.38.
794 4292 834 4360 Cf.
854 4299 940 4346 autem
960 4291 1051 4358 Leuel,
1066 4293 1201 4360 pulinyen.
1221 4291 1263 4357 11,
1276 4292 1328 4343 829
1346 4293 1407 4342 m.

227 4411 258 4420 -
281 4381 309 4452 9)
328 4381 364 4435 D.
384 4383 547 4448 43,21‚1pr.
569 4408 602 4417 --
623 4378 666 4448 ιο)
685 4377 723 4433 D.
740 4382 845 4446 43,22‚1
860 4396 903 4447 pr.
923 4407 957 4417 -
979 4377 1075 4449 11)D.
1095 4380 1235 4445 43‚22,1,6.
1255 4405 1287 4415 -
1311 4376 1351 4439 12)
1370 4374 1408 4427 D.

224 4473 328 4538 43,23‚1
346 4487 388 4539 pr.

271 4555 368 4619 Bevus.
392 4565 480 4610 Fontes
500 4565 565 4609 iuris.
603 4565 646 4609 Ed.
666 4563 709 4608 VI.
1163 4553 1194 4604 15
