3400 5250
293 404 358 468 224
748 401 851 458 Edicta
869 407 1039 473 praetorum.

294 601 438 663 quaeque
462 577 517 642 ille
540 583 618 643 tuno
643 579 689 642 ibi
706 578 823 644 habuit
838 579 1017 644 restituas¹-
1053 587 1127 665 post
1142 604 1260 648 annum
1276 584 1314 648 de
1327 605 1376 662 eo,
1393 585 1478 669 quod

293 684 332 747 ad
355 705 427 748 eum
450 683 561 767 quivi
584 684 697 747 deiecit
721 685 913 767 pervenerit,
936 685 1090 751 iudicium
1111 686 1221 752 dabo².

380 787 411 851 b.
445 785 540 851 Unde
563 791 598 850 tu
622 787 715 850 illum
739 788 770 850 vi
793 787 979 852 hominibus
1001 792 1118 855 ooaotis
1142 795 1313 858 armatisve
1336 793 1477 858 deiecisti
1578 820 1583 829 ·

292 897 348 956 aut
370 891 496 956 familia
532 895 589 954 tua
612 889 740 968 deiecit,
775 911 811 954 eo
835 891 927 955 illum
950 915 1094 977 quaeque
1117 895 1171 960 ille
1194 902 1271 961 tuno
1293 897 1339 961 ibi
1362 897 1477 962 habuit

291 995 468 1063 rest'tuasl.

380 1125 404 1166 e.
441 1099 474 1166 Si
498 1101 547 1164 uti
570 1101 634 1165 frui
657 1100 840 1184 prohibitus
866 1123 933 1166 esse
956 1102 1106 1168 dicetur‘.
1167 1161 1169 1166 .

379 1209 408 1270 d.
445 1205 494 1270 Ne
522 1207 570 1271 ais
596 1207 654 1286 rial
683 1207 727 1283 ei,
758 1207 812 1286 qui
835 1207 945 1270 ‹louiiu'
966 1209 1074 1291 iufeeli
1096 1210 1130 1272 iu
1149 1212 1378 1290 possessiouem
1400 1213 1475 1276 uiis·

292 1333 350 1378 sue
372 1309 455 1377 eril⁵.

186 1409 280 1490 Utf‘tll‘
382 1417 411 1480 6.
437 1439 463 1480 a.
499 1413 576 1480 Uti
599 1438 683 1480 nuno
710 1418 948 1500 possidetis
981 1442 1052 1484 eum
1076 1419 1226 1500 fundum,
1257 1445 1320 1506 quo
1344 1423 1382 1486 de
1405 1423 1475 1506 agi·

291 1527 361 1599 tur,
390 1521 475 1605 quod
508 1542 564 1584 nee
587 1521 618 1584 vi
646 1543 703 1586 nee
726 1521 808 1586 olam
830 1544 888 1586 nee
912 1524 1056 1605 precario
1080 1525 1163 1588 alter
1186 1526 1226 1588 ab
1250 1525 1351 1590 altero
1375 1526 1476 1610 possi·

292 1627 382 1703 detis,
408 1627 454 1690 ita
476 1626 675 1709 possideatis.
700 1626 851 1690 adversus
877 1649 914 1690 ea
937 1629 1002 1692 rim
1025 1629 1095 1692 fieri
1118 1630 1218 1694 veto⁰.

379 1732 409 1795 b.
444 1730 503 1796 Uti
527 1753 580 1794 eas
603 1731 705 1809 aeder,
729 1753 759 1814 q.
785 1733 815 1796 d.
840 1755 879 1810 a..
904 1755 934 1798 n.
960 1757 988 1799 v.
1014 1756 1044 1797 11.
1070 1735 1108 1797 ol.
1133 1758 1164 1800 n.
1188 1759 1236 1819 pr.
1262 1735 1343 1799 alter
1365 1734 1405 1798 ab
1426 1735 1473 1798 al-

290 1839 359 1899 tero
384 1836 562 1918 possidetis
588 1858 651 1918 quo
675 1838 780 1901 minus
805 1839 852 1902 ita
876 1841 1076 1923 possideatis,
1099 1843 1164 1906 vim
1187 1843 1257 1906 fieri
1281 1841 1379 1906 veto⁷.

378 1963 394 2004 a
398 1990 567 2009 .......
593 1963 695 2026 neque
711 1943 823 2026 pluris,
845 1967 942 2027 quam
959 1941 1072 2029 quanti
1088 1967 1138 2010 rea
1154 1947 1224 2023 erit,
1240 1947 1329 2010 intra
1344 1967 1472 2022 annum,

291 2067 354 2129 quo
377 2045 517 2130 primum
541 2047 726 2130 experiundi
751 2050 892 2130 potestas
917 2050 1025 2128 fuerit,
1048 2053 1247 2131 sponsionem
1261 2051 1474 2132 restipulatio-

289 2171 418 2230 ueiuque
438 2149 557 2226 faeere⁸
579 2151 776 2233 permittam.

379 2255 408 2320 d.
439 2253 491 2319 Uli
513 2275 546 2318 eo
566 2255 669 2336 furiale
693 2258 922 2321 ....uiiuiui
936 2259 1110 2340 fruiuiui⁹
1127 2310 1134 2322 .
1152 2310 1159 2324 .
1177 2309 1210 2324 ..

379 2359 407 2423 7.
432 2383 460 2423 a.
495 2359 623 2444 Aqua
647 2361 809 2426 fundus
832 2368 1021 2446 petetur,
1045 2365 1082 2428 si
1104 2386 1186 2428 rem
1209 2363 1323 2428 nolit
1346 2364 1472 2440 elefeu-

289 2464 423 2530 aerem.
471 2466 567 2546 Quem
588 2465 751 2542 fuiiduu¹²
753 2515 890 2534 ......
1457 2469 1458 2472 ’

377 2571 407 2634 b.
436 2572 466 2634 A
490 2593 571 2654 quo
595 2571 895 2636 ususfructus
919 2577 1101 2654 petetur,
1126 2573 1471 2638 siremnolitde-

288 2675 470 2741 fendere.
519 2677 620 2752 Quem
643 2676 929 2742 usumfructum..
950 2727 981 2741 ..
1007 2679 1168 2742 vindicare
1191 2678 1256 2742 uult
1279 2727 1461 2742 ........
1464 2729 1470 2756 ,

289 2783 332 2864 (si
354 2803 420 2846 reui
442 2781 524 2844 uelis
548 2779 712 2862 clefmolere
735 2801 828 2862 eoque
850 2783 975 2846 uouiiue
997 2783 1053 2845 liti
1075 2783 1265 2847 satisdatum
1288 2788 1331 2846 esi
1345 2789 1401 2848 aul
1412 2805 1472 2864 pei·

288 2892 316 2950 ie
337 2891 399 2949 siai
423 2906 482 2966 quo
504 2887 610 2950 uiuus
632 2885 810 2964 salisileluu
835 2884 1036 2969 restituas)¹².

201 3006 267 3046 uu.
380 2992 409 3054 8.
446 2990 503 3053 De
527 2989 843 3072 superficiebus,
891 2987 947 3054 Uti
973 2991 1104 3075 exlege
1128 2991 1469 3058 locationissiveaon-

288 3095 447 3160 ductionis
471 3094 637 3178 superficie
661 3117 691 3178 q.
715 3095 743 3160 d.
770 3117 798 3158 a.
823 3116 881 3158 neo
903 3097 936 3158 vi
961 3118 991 3159 n.
1015 3096 1053 3161 ol.
1078 3118 1110 3159 n.
1128 3119 1175 3179 pr.
1201 3095 1282 3160 alter
1305 3097 1345 3160 ab
1368 3096 1470 3160 altero

288 3200 449 3278 fruimini,
481 3199 672 3284 quominus
704 3201 751 3264 ila
775 3201 943 3279 fruamini,
979 3224 1009 3264 v.
1034 3201 1056 3265 f.
1081 3225 1110 3266 v.
1157 3199 1191 3265 si
1216 3223 1279 3284 qua
1302 3202 1365 3266 alia
1388 3203 1470 3266 aetio

288 3308 326 3371 de
349 3305 514 3388 superficie
536 3304 762 3388 postulabitur,
788 3327 884 3370 eausa
907 3307 1037 3390 cognita
1060 3304 1185 3370 dabo¹³.

200 3410 263 3493 ἓξὲξ
374 3413 404 3475 9.
439 3411 491 3474 De
513 3410 663 3474 itinere
687 3413 857 3494 actuque
880 3412 1077 3493 privator.
1114 3433 1142 3475 a.
1165 3409 1469 3484 Quoitinereaotu-

287 3533 425 3540 -ῡ-μ.-
429 3534 495 3540 .-.ω-.-

359 3603 385 3670 1)
407 3603 459 3657 Oia.
475 3621 505 3671 p.
526 3601 600 3656 Coeo.
619 3605 701 3664 30,88
717 3603 762 3655 iol.
780 3601 819 3656 D.
838 3604 940 3668 43.16,1
955 3618 1000 3670 pr.
1031 3601 1071 3669 Of.
1091 3601 1127 3654 D.
1149 3601 1179 3654 Ρ.
1196 3620 1225 3670 p.
1245 3606 1298 3656 372
1315 3619 1370 3672 sqq.
1390 3633 1419 3642 -
1441 3603 1469 3669 2)

287 3689 364 3744 Haeo
383 3691 507 3744 clausula
525 3690 562 3742 ad
579 3692 610 3742 iu
623 3690 732 3756 foetum
750 3691 880 3743 aetioaeui
894 3691 1019 3756 pertinet,
1039 3689 1071 3742 ale
1088 3705 1143 3757 qua
1159 3706 1184 3744 a.
1201 3689 1239 3756 fr.
1259 3690 1317 3743 Val.
1337 3693 1397 3743 312.
1434 3689 1470 3741 Iu

209 3793 211 3798 ’
286 3779 351 3846 Du.
372 3778 510 3832 interdicti
526 3778 606 3832 uerba
623 3783 648 3831 el
665 3777 752 3841 edicti,
771 3793 824 3845 quo
833 3782 947 3845 praetor
958 3777 1028 3830 hauc
1039 3777 1069 3829 iu
1080 3776 1184 3842 faulum
1196 3778 1327 3830 aelioueu
1337 3777 1469 3844 promisit,

285 3868 427 3918 immutata
445 3871 470 3918 et
487 3865 517 3918 iu
535 3881 619 3918 uuum
637 3864 824 3934 oouyluliuala
842 3869 916 3916 suut.
940 3892 975 3903 -
997 3863 1023 3928 3)
1041 3863 1076 3917 Ε.
1096 3863 1128 3917 Ρ.
1142 3881 1172 3932 p.
1191 3867 1249 3918 375.
1292 3863 1371 3916 Vetus
1388 3865 1469 3916 iuler·

286 3954 399 4006 aliatum:
428 3951 519 4006 ‘Unde
542 3954 575 4004 tu
605 3953 656 4004 eut
680 3951 793 4005 familia
819 3952 870 4003 aut
892 3952 1057 4019 procurator
1075 3952 1141 4002 tuus
1160 3951 1242 4004 illum
1260 3951 1290 4004 vi
1308 3948 1469 4006 hominibus

286 4039 387 4096 coactis
407 4038 561 4094 armatisve
581 4037 714 4102 deiecisti,
738 4055 769 4093 eo
787 4037 939 4094 restitues!
978 4037 1032 4092 Oia.
1047 4054 1101 4106 pro
1115 4037 1188 4092 Coeo.
1206 4040 1315 4107 passim,
1335 4037 1470 4106 adsemel.

286 4131 397 4197 15,16‚3.
416 4158 449 4167 —
469 4129 496 4196 4)
517 4127 557 4197 Of.
578 4127 612 4188 fr.
628 4127 686 4181 Vol.
700 4129 741 4180 91.
761 4156 795 4164 —
816 4129 843 4194 5)
857 4125 894 4178 D.
906 4129 994 4194 43‚4,4
1010 4142 1055 4196 pr.
1066 4129 1091 4178 4.
1110 4156 1145 4164 —
1163 4127 1190 4194 6)
1204 4125 1276 4180 Fest.
1289 4143 1313 4179 a.
1326 4123 1469 4196 possessio.

285 4245 320 4254 —-
346 4214 551 4283 ’1)1).43,17,1
572 4231 617 4284 pr.
644 4245 675 4254 -
704 4213 731 4280 8)
750 4213 815 4282 Du.
835 4213 947 4282 ‘egere'.
983 4213 1030 4265 Acl
1053 4215 1222 4280 spoueioaeu
1245 4215 1377 4282 pertinere
1400 4212 1469 4264 haue

286 4304 435 4358 clausulam
454 4304 521 4357 eoui.
542 4303 578 4356 Ε.
598 4301 629 4355 Ρ.
644 4319 673 4370 p.
693 4303 752 4354 379.
779 4331 810 4338 ——
831 4303 857 4365 9)
880 4299 920 4368 Of.
936 4300 977 4369 fr.
1003 4300 1062 4354 Vol.
1080 4303 1116 4354 90
1135 4302 1177 4354 iet.
1196 4298 1234 4355 D.
1252 4302 1356 4367 43,18,r
1372 4315 1416 4367 pr.
1435 4329 1468 4338 -

288 4393 331 4459 10)
351 4390 388 4446 D.
401 4393 506 4458 39‚2‚45
523 4391 602 4443 iasar.
621 4417 655 4426 -—
676 4388 720 4457 11)
744 4387 805 4456 Uip.
818 4389 933 4442 iuelilul.
947 4388 988 4456 fr.
1005 4387 1115 4440 Viudob.
1128 4391 1153 4442 4.
1173 4413 1204 4423 -
1227 4387 1270 4454 12)
1288 4385 1337 4440 Fr.
1354 4385 1411 4439 Vat.
1426 4388 1469 4448 92,

285 4478 327 4532 iel.
342 4493 398 4546 ary.
410 4477 488 4531 Paul.
502 4479 675 4543 seul.1,11,1.
689 4505 721 4515 —
737 4475 780 4544 13)
791 4474 825 4530 D.
838 4479 881 4542 43,
893 4478 929 4527 18
937 4476 1010 4528 rubr.
1021 4479 1070 4528 eil
1085 4490 1130 4542 pr.
1141 4503 1174 4512 -
1187 4475 1230 4540 14)
1241 4472 1326 4526 Rubi.
1339 4471 1374 4525 D.
1384 4475 1470 4539 43,19.
