3400 5254
563 386 660 448 Varro,
680 385 715 440 de
733 383 832 454 lingua
852 383 962 444 Latina.
982 383 1001 438 1.
1022 383 1054 436 V.
1267 387 1275 402 ⁸
1359 383 1400 448 55

221 585 296 626 nam
320 584 377 645 per
399 563 458 626 hos
481 562 589 640 fiebat,
613 565 650 626 ut
672 562 793 625 iustum
816 561 1037 644 conciperetur
1053 560 1184 637 bellum,
1209 563 1242 624 et
1257 557 1330 623 ubi¹
1348 557 1401 622 de·

223 668 330 745 situm,
355 673 392 733 ut
414 667 541 733 foedere
564 667 641 732 fides
665 667 752 752 pacis
775 667 1033 731 constitueretur.
1080 666 1130 729 Ex
1152 664 1204 728 his
1227 663 1401 728 mitteban-

222 777 285 850 tur,
310 777 482 857 antequam
505 773 735 858 conciperetur,
759 773 880 856 quires
897 774 1087 863 repeterent,
1110 775 1142 834 et
1157 791 1214 853 per
1229 769 1288 833 hos
1305 769 1402 834 etiam

223 900 307 943 nunc
330 879 368 942 fit
390 878 512 955 foedus,
537 879 622 962 quod
645 879 746 943 ‘fidus’
771 877 895 942 Ennius
919 876 1030 940 scribit
1053 872 1201 938 dictuml.

310 985 361 1047 95.
397 981 538 1048 Pecus
573 985 613 1047 ab
646 1006 698 1062 eo,
732 983 816 1067 quod
850 982 1090 1066 perpascebant,
1124 1003 1228 1065 aquo
1252 979 1401 1062 pecunia³

224 1089 382 1167 universa,
407 1090 491 1172 quod
515 1089 548 1152 iu
572 1111 684 1172 pecore
706 1089 840 1173 pecunia
863 1093 931 1153 tum
949 1088 1131 1171 pastoribus
1148 1085 1352 1162 consistebat,
1372 1089 1404 1148 et

223 1194 329 1256 standi
353 1194 599 1258 fundamentum
623 1215 679 1276 pes
702 1229 743 1240 —
768 1215 787 1258 a
809 1194 888 1276 pede
905 1194 1056 1278 pecudem
1072 1190 1286 1276 appellarunt,
1310 1193 1347 1252 ut
1362 1187 1402 1253 ab

223 1299 331 1362 eodem
355 1299 499 1382 pedicam
523 1303 555 1362 et
578 1298 784 1382 pedisequum
808 1302 840 1363 ct
863 1299 1053 1382 peculiares⁴
1077 1319 1151 1362 oves
1168 1282 1402 1378 aliudve'quid:

222 1402 255 1465 id
279 1403 362 1466 enim
387 1403 545 1486 peculium
562 1404 717 1486 primum3
741 1402 816 1466 hinc
832 1403 1034 1484 ‘peculatum’
1052 1402 1217 1486 publicum
1235 1398 1403 1484 [furtum]

223 1507 328 1591 primo
361 1505 420 1570 ut⁶
451 1529 522 1570 cum
556 1528 668 1590 pecore
700 1507 857 1572 diceretur
880 1508 996 1585 multa,
1029 1514 1061 1572 ct
1083 1508 1115 1571 id
1138 1505 1236 1570 essetl
1260 1509 1403 1570 coactum

222 1613 256 1675 in
280 1611 455 1695 publicum,
479 1612 507 1676 si
530 1618 598 1676 erat
622 1612 795 1678 aversum⁸.

311 1719 382 1783 140.
422 1721 583 1783 Arcera
608 1754 647 1766 -
673 1717 768 1783 etiam
792 1719 825 1782 iu
849 1717 913 1782 XII
936 1719 1071 1783 tabulis⁹
1095 1718 1295 1802 appellatur:
1319 1715 1404 1800 quod

223 1844 262 1886 ex
287 1822 407 1886 tabulis
431 1823 612 1888 vehiculum
637 1828 705 1887 erat
729 1824 860 1899 factum,
886 1827 922 1886 ut
945 1828 1072 1900 arca¹⁰,
1098 1845 1206 1887 arcera
1229 1821 1358 1886 dictum.

312 1930 385 1992 145.
422 1929 492 2004 Quo
516 1929 699 1994 conferrent
721 1949 795 1994 suas
818 1930 1051 1994 controversias
1074 1933 1106 1994 et
1130 1950 1211 2012 quae
1227 1928 1399 1992 vendere¹¹

223 2033 342 2096 vellent
366 2055 428 2116 quo
451 2033 582 2112 ferrent,
606 2034 712 2098 forum
738 2036 950 2118 appellarunt.

313 2139 384 2202 155.
417 2137 642 2204 Comitium
668 2139 708 2204 ab
732 2163 777 2218 eo,
803 2142 887 2225 quod
911 2140 1041 2206 coibant
1065 2163 1100 2205 eo
1117 2139 1254 2204 comitiis
1270 2139 1402 2206 curiatis

222 2247 254 2307 et
276 2242 385 2308 litium
408 2249 556 2308 causall.
603 2245 757 2310 Curiae
780 2247 914 2312 duorum
930 2269 1101 2333 generum3
1125 2269 1200 2310 uam
1223 2250 1255 2310 et
1271 2246 1326 2308 ubi
1349 2266 1403 2309 cu-

222 2351 333 2413 rarant
355 2349 534 2413 sacerdotes
558 2371 607 2413 res
631 2349 764 2429 divinas,
795 2355 831 2414 ut
855 2351 961 2416 curiae
985 2352 1116 2428 veterc's,
1141 2355 1173 2414 et
1196 2350 1251 2415 ubi
1274 2353 1403 2414 senatus

222 2453 397 2532 humanae,
432 2458 469 2541 ut
492 2455 580 2518 curia
603 2453 754 2533 Hostilia,
790 2457 874 2540 quod
897 2457 1019 2540 primus
1042 2457 1222 2522 aedificavit
1244 2455 1403 2519 Hostilius

223 2582 287 2624 rex.
334 2559 421 2624 Ante
452 2560 535 2623 hanc
566 2566 671 2624 rostra
698 2597 753 2639 -,
787 2561 846 2625 sub
870 2563 982 2627 dextra
1004 2563 1099 2628 huius
1123 2585 1141 2627 a
1164 2561 1294 2628 comitio
1317 2561 1404 2624 locus

223 2665 435 2741 substructus,
469 2665 525 2729 ubi
547 2666 715 2730 nationum
738 2666 950 2732 subsisterent
973 2667 1084 2752 legati,
1115 2667 1170 2750 qui
1194 2667 1232 2730 ad
1257 2668 1403 2730 senatum

223 2775 328 2833 essent
350 2771 455 2848 missi;
480 2772 507 2836 is
523 2770 741 2836 Graecostasis
765 2773 944 2857 appellatus
967 2778 1102 2856 aparte,
1127 2777 1164 2838 ut
1179 2771 1291 2836 multa.
1331 2769 1402 2833 156.

224 2872 302 2938 Seu
315 2897 387 2938 acu
399 2877 408 2939 l
419 2898 440 2939 u
450 2899 482 2942 m
505 2900 602 2960 supra
618 2877 868 2956 Graecostasim;
891 2917 934 2926 -
957 2884 1117 2957 vocatum,
1134 2877 1188 2941 ubi
1204 2880 1334 2941 senatus
1349 2876 1405 2938 aut

222 2978 279 3042 ubi
301 2980 440 3044 seniores
463 2982 673 3046 consisterent
696 3023 747 3049 -.

313 3085 385 3150 162.
425 3084 490 3150 Ubi
522 3087 694 3166 conabant,
730 3090 973 3154 cenaculum
1003 3089 1203 3164 vocitabant,
1239 3092 1273 3150 ut
1306 3086 1404 3164 etiam

223 3213 309 3256 nunc
338 3191 460 3254 Lanuvi
492 3192 574 3274 apud
599 3194 707 3258 aedem
731 3192 864 3258 Iunonis
894 3199 927 3259 ct
948 3195 983 3258 in
1006 3200 1112 3259 cetero
1135 3194 1228 3258 Latio
1252 3213 1288 3255 ao
1311 3188 1403 3254 Fale·
1448 3175 1451 3182 ²

223 3297 280 3361 riis
304 3301 336 3361 at
359 3296 525 3362 Cordubae
549 3298 707 3362 dicuntur.
754 3299 967 3384 Posteaquam
995 3301 1028 3363 iu
1053 3299 1216 3382 superiora
1238 3301 1330 3380 parte
1353 3317 1403 3358 ca·

223 3403 327 3465 uitare
351 3408 532 3485 coeperunt,
557 3404 730 3486 superioris
755 3405 866 3469 domus
890 3405 1038 3470 universa
1061 3402 1210 3468 cenacula
1233 3401 1371 3465 dictam.

315 3507 387 3572 163.
424 3508 487 3572 Aes
512 3511 663 3574 raudus
687 3511 822 3584 dictum3
848 3533 886 3574 ex
909 3513 986 3574 εοΗ
1013 3508 1172 3574 veteribus
1188 3508 1221 3570 in
1237 3505 1403 3588 mancipiis

225 3614 395 3696 scriptum:
420 3613 621 3678 ‘raudusculo
646 3615 760 3678 libram
784 3614 900 3680 ferito!

296 3857 322 3924 1)
340 3855 389 3908 ubi
406 3856 442 3908 A.
462 3854 584 3924 Spenpet
608 3855 674 3908 inde
693 3855 727 3908 F.
747 3885 778 3894 -
799 3856 826 3925 2)
847 3855 890 3924 Cf.
910 3855 983 3910 Nou.
1004 3855 1134 3913 Fetiales.
1153 3887 1181 3896 -
1206 3855 1233 3925 3)
1251 3858 1290 3910 sic
1308 3856 1403 3923 Aepu-

224 3945 319 4009 sta'uas,
346 3957 446 4012 pecora
464 3942 498 3995 F.
527 3971 559 3981 -
588 3944 616 4012 4)
635 3945 674 3997 sic
693 3945 727 3996 A.
747 3941 868 4012 Spengel,
896 3944 1086 4013 peculatoriae
1107 3944 1141 4010 F,
1167 3943 1279 4014 peculia
1297 3941 1352 3998 tori
1371 3957 1404 3994 ac

225 4029 349 4084 Mueller.
378 4060 411 4068 —
439 4029 467 4096 5)
486 4029 595 4082 furtum
614 4045 663 4082 om.
684 4029 718 4082 F.
746 4059 777 4069 -—
805 4031 833 4099 6)
853 4031 898 4100 ut]
916 4033 978 4084 tum
998 4032 1122 4087 Mueller.
1145 4062 1169 4070 -
1195 4033 1222 4099 7)
1240 4047 1297 4085 esse
1316 4028 1350 4084 F.
1370 4057 1404 4068 -

224 4118 250 4185 8)
277 4116 321 4170 De
345 4118 402 4170 loco
426 4117 524 4172 arcad.
549 4133 572 4170 c.
593 4117 665 4170 Mae.
691 4118 722 4170 a'a
738 4117 814 4183 edit,
842 4118 969 4186 Laeua,
995 4119 1048 4174 Ru.
1068 4119 1141 4174 Mus.
1162 4121 1246 4188 6,106.
1283 4117 1404 4185 Spcuyel,

226 4205 337 4258 Mducb.
356 4205 436 4258 atad.
455 4205 525 4258 Aba.
545 4209 628 4268 7‚450.
668 4205 755 4272 Thilo,
774 4206 869 4261 Jahrb.
883 4207 909 4274 f.
929 4207 962 4262 tl.
983 4207 1057 4260 Plu'l.
1076 4209 1143 4260 1855
1157 4223 1185 4274 p.
1204 4207 1262 4260 524.
1300 4203 1344 4257 De
1359 4219 1404 4271 pe·

224 4293 317 4346 culutu
335 4292 370 4360 cf.
390 4291 462 4344 Fert.
483 4290 640 4346 Peculatus.
663 4322 698 4332 -
720 4294 747 4360 9)
767 4310 789 4348 c.
810 4300 872 4348 tom.
885 4293 905 4346 1
918 4311 945 4362 p.
963 4297 997 4346 18
1015 4295 1068 4348 tob.
1088 4294 1139 4360 1,3.
1159 4323 1191 4331 —
1214 4291 1256 4358 10)
1276 4306 1356 4344 arcer
1369 4289 1404 4342 F.

224 4407 258 4420 -·
281 4382 323 4446 ll)
342 4380 530 4434 uendereutur
549 4380 583 4433 F.
608 4411 643 4420 -
673 4381 715 4449 12)
734 4397 833 4434 causae
852 4380 887 4434 F.
907 4412 940 4420 -
961 4382 1005 4450 13)
1025 4380 1066 4448 Of.
1086 4381 1158 4434 Fest.
1181 4377 1327 4434 Oenacula.
1365 4377 1404 4430 D.

224 4469 362 4533 43‚17‚3‚r.
386 4499 414 4505 -
438 4467 481 4536 14)
500 4468 528 4521 in
548 4470 591 4522 ius
610 4467 644 4522 F.
