3400 5254
319 323 360 387 ὦ
838 323 967 378 mmm

406 498 436 562 V
459 501 511 578 27,
536 503 587 565 24.
633 501 756 566 Talio
780 496 1025 566 est'similitudo
1049 500 1217 578 vindictae,
1242 506 1278 565 ut
1298 501 1407 565 taliter
1424 503 1499 585 quis

320 603 470 685 patiatur,
495 610 531 668 ui
553 607 639 671 fecit.
687 607 756 673 Hoc
779 609 864 671 enim
887 612 919 671 et
942 612 1059 671 natura
1082 611 1114 671 et
1137 606 1207 690 lege
1230 611 1278 671 est
1300 608 1499 684 institutum,

320 711 356 771 ut
379 709 553 774 laedentem
577 711 690 776 similis
715 713 853 778 vindicta
877 712 1055 796 sequatur¹.

410 813 435 876 V
460 816 512 893 27,
538 816 587 879 28.
633 816 825 881 Exilium
850 855 891 864 -
916 818 1071 881 dividitur
1098 854 1134 862 —
1159 817 1192 881 in
1216 818 1366 901 relegatis
1390 820 1422 880 et
1444 818 1503 880 de-

321 921 465 1001 portatis.
513 923 562 984 29.
599 920 830 1006 lielegatus
854 928 911 1000 cst,
936 946 1030 1006 quern
1048 924 1131 986 bona
1147 943 1204 984 sua
1219 926 1411 1003 sequuntur3
1437 921 1501 984 de·

320 1028 532 1105 portatus,
557 1049 651 1110 quem
675 1048 738 1090 uon
763 1034 950 1111 sequuntur.

409 1131 454 1195 IX
478 1134 508 1209 2,
536 1135 562 1196 l.
609 1131 719 1196 Gens
753 1139 801 1196 est
824 1133 997 1198 multitudo
1020 1135 1060 1196 ab
1083 1156 1147 1197 uno
1170 1133 1326 1216 principio
1349 1136 1430 1209 orta,
1455 1168 1500 1178 -

321 1236 481 1318 appellata
512 1242 640 1321 propter
671 1233 893 1322 generationes
916 1239 1127 1316 familiarum,
1157 1239 1187 1301 id
1213 1241 1260 1300 est
1283 1261 1302 1300 a
1324 1236 1497 1320 gignendo,

320 1339 402 1404 sicut
424 1343 512 1405 natio
536 1364 554 1404 a
577 1344 745 1408 nascende.

408 1445 453 1510 IX
477 1447 507 1520 3,
532 1449 583 1512 29.
630 1448 812 1513 Tribuni
838 1451 950 1526 vocati,
975 1450 1058 1533 quod
1084 1449 1239 1513 militibus
1263 1449 1328 1512 sive
1351 1446 1504 1529 plebibus-

320 1550 390 1613 iura
413 1552 570 1616 tribuunt.

410 1655 456 1719 lX
478 1659 509 1733 4,
535 1658 584 1723 18.
632 1657 815 1723 Tribuni
840 1659 925 1735 dicti,
951 1660 1034 1743 quod
1058 1659 1143 1742 plebi
1166 1659 1236 1722 iura
1258 1657 1308 1720 vel
1332 1679 1423 1740 opem
1439 1657 1501 1720 tri·

322 1761 440 1832 buunt:
469 1801 503 1810 -—
530 1764 604 1827 dum
629 1765 711 1828 enim
737 1765 824 1847 plebs
848 1789 866 1828 a
890 1769 1000 1829 senatu
1024 1770 1056 1828 et
1079 1764 1260 1827 consulibus
1284 1767 1491 1845 premeretur,

321 1870 397 1929 tunc
413 1867 482 1950 ipsa
497 1869 558 1932 sibi
575 1870 721 1934 tribunos
738 1871 828 1953 quasi
840 1870 986 1952 proprios
999 1870 1117 1933 iudices
1129 1874 1160 1931 et
1172 1867 1352 1932 defensores
1365 1869 1498 1932 creavit.

409 1970 455 2038 IX
477 1977 508 2052 4,
532 1977 583 2038 45.
623 1975 871 2057 Mancipium
891 1980 948 2051 est,
973 1973 1127 2058 quidquid
1144 1995 1237 2036 manu
1255 1974 1324 2055 capi
1341 1973 1497 2055 subdique

323 2081 442 2160 potest,
466 2083 502 2141 ut
525 2078 630 2154 home,
655 2102 764 2164 equus,
788 2082 855 2145 ovis
869 2079 891 2146 ².
938 2079 1025 2144 Haec
1048 2078 1129 2142 enim
1155 2077 1305 2142 animalia
1328 2077 1438 2140 statim
1461 2081 1500 2140 ut

322 2188 399 2247 nata
422 2189 507 2264 sunt,
530 2186 723 2269 mancipium
748 2207 815 2250 esse
838 2188 1001 2269 putantur.
1048 2181 1131 2246 Nam
1156 2187 1188 2245 et
1210 2204 1256 2258 ea,
1281 2203 1361 2264 quae
1380 2182 1412 2244 in
1431 2182 1499 2246 bes-

322 2288 438 2352 tiarum
472 2312 604 2354 numero
634 2296 723 2366 sunt,
756 2296 833 2354 tunc
861 2290 1009 2353 videntur
1041 2287 1233 2370 mancipium
1257 2309 1338 2364 esse,
1373 2287 1504 2369 quando

322 2395 391 2477 capi
415 2395 481 2458 sive
504 2395 626 2458 domari
644 2395 819 2478 coeperint.

411 2499 456 2562 lX
479 2501 509 2578 4,
532 2501 586 2565 46.
629 2499 812 2584 Ingenui
842 2500 935 2576 dicti,
970 2499 1025 2582 qui
1056 2499 1228 2580 ingencia
1261 2497 1380 2560 habent
1401 2496 1498 2560 liber-

322 2607 431 2682 tatem,
462 2607 580 2669 nonin
606 2607 701 2684 facto,
732 2607 814 2670 sicut
836 2605 962 2680 liberti;
997 2605 1079 2668 unde
1102 2607 1134 2668 et
1157 2626 1208 2668 eos
1232 2603 1343 2667 Graeci
1366 2603 1504 2683 εὐγενεῖς

323 2713 448 2786 vocant,
472 2711 555 2792 quod
579 2712 644 2776 siut
666 2711 741 2774 boni
765 2711 900 2792 generis.
948 2711 999 2772 47.
1023 2708 1224 2773 Libertus
1251 2708 1397 2790 -quasi
1421 2707 1505 2774 libe·

323 2816 412 2874 ratus
437 2847 488 2876 -.
533 2814 734 2880 Libertorum
765 2819 871 2878 autem
898 2813 958 2876 filii
987 2814 1069 2898 apud
1103 2813 1252 2897 antiquos
1275 2811 1417 2876 libertini
1441 2833 1497 2893 ap-

323 2917 536 2999 pellabantur,
561 2922 651 3004 quasi
675 2921 712 2985 de
736 2919 859 2984 libertis
883 2920 960 2983 nati.
1005 2918 1101 2982 Nunc
1123 2939 1198 2981 vero
1220 2917 1390 2980 libertinus
1408 2920 1464 2978 aut
1479 2938 1503 2978 a.

323 3021 438 3086 liberto
462 3023 564 3089 factus
588 3031 643 3090 aut
667 3026 854 3110 possessus³.
901 3025 953 3088 48.
979 3023 1253 3088 Manumissus
1277 3021 1392 3085 dicitur
1407 3020 1499 3104 quasi

324 3150 419 3192 manu
451 3131 593 3194 emissus.
641 3133 736 3216 Apud
769 3137 891 3194 veteres
922 3131 1016 3207 enim,
1050 3129 1197 3213 quotiens
1221 3125 1504 3201 manumittebant,
1617 3136 1621 3142 ’

324 3234 417 3316 alapa
440 3257 603 3316 percussos
626 3235 885 3320 circumagebant
910 3239 942 3299 et
964 3236 1081 3299 liberos
1105 3231 1365 3298 confirmabant.⁴

411 3337 457 3401 IX
481 3342 511 3418 4,
535 3341 585 3404 49.
624 3333 847 3408 Dediticii
879 3339 1017 3423 primurn
1050 3362 1068 3402 a
1096 3336 1254 3401 deditione
1283 3340 1358 3398 sunt
1381 3355 1502 3397 nuncu-

324 3444 391 3526 Pali
415 3445 484 3508 -⁶.
531 3449 583 3512 51.
618 3447 768 3511 Latini
800 3452 874 3510 ante
908 3446 1040 3508 Romam
1073 3443 1232 3508 conditam
1264 3439 1346 3524 apud
1370 3437 1505 3502 Latinos

324 3547 460 3628 fiebant,
493 3573 656 3635 uunquam
689 3571 746 3636 per
779 3557 1021 3627 testamentum,
1057 3550 1110 3612 sed
1133 3571 1189 3630 per
1212 3545 1381 3628 epistulam
1405 3544 1501 3607 liber·

414 3792 441 3859 l)
463 3790 503 3858 Of.
524 3793 596 3848 Feci.
615 3791 704 3847 Talio.
732 3823 767 3833 —
794 3793 821 3856 2)
849 3793 933 3846 Serio.
953 3793 1052 3851 boves,
1080 3806 1140 3843 cum
1159 3805 1218 3842 oves
1235 3789 1290 3842 sint
1309 3805 1356 3841 uec
1374 3788 1502 3854 rriuucipi.

323 3879 421 3948 [Imuw
442 3882 542 3932 errauit
561 3880 692 3934 Isidorus.
730 3880 780 3933 ln.
799 3881 849 3950 M.]
875 3911 908 3918 —
928 3881 957 3946 3)
979 3879 1020 3939 of.
1040 3878 1112 3931 Suet.
1135 3876 1231 3931 Claud.
1249 3881 1297 3930 24:
1325 3875 1427 3930 Latum
1446 3875 1507 3928 cla·

325 3963 1506 4034 mm—fflmbwmffimfflMm-mwmmfflmmmwm-

324 4053 518 4108 libertinorum
548 4054 619 4109 lilios
646 4055 675 4108 in
695 4059 824 4108 senatum
850 4054 988 4122 adlegisse
1008 4053 1102 4108 docuit
1121 4052 1239 4122 ignarus
1259 4051 1432 4119 temporibus
1448 4051 1504 4119 Ap·

324 4140 363 4210 pii
383 4147 411 4195 et
430 4141 559 4211 deinceps
577 4143 753 4212 aliquamdiu
776 4142 922 4196 libertinos
937 4141 1024 4196 dictos
1047 4157 1099 4194 non
1120 4141 1201 4208 ipsos,
1220 4137 1267 4206 qui
1287 4154 1373 4189 manu
1392 4138 1507 4190 emitte·

323 4232 430 4284 rentur.
454 4227 501 4282 sed
520 4229 656 4296 ingenuos
675 4248 707 4283 ex
727 4231 769 4286 his
788 4232 954 4299 procreatos.
985 4259 1016 4267 -
1048 4229 1075 4294 4)
1095 4226 1199 4278 Eadem
1220 4224 1357 4278 Cornutus
1375 4223 1456 4276 schol.
1475 4225 1506 4276 iu

325 4317 397 4371 Pers.
417 4322 482 4384 5,75.
523 4318 564 4386 Cf.
587 4321 726 4386 0.8,49,6.·
745 4317 991 4372 circumductiones
1010 4314 1219 4368 inextricabiles
1237 4317 1266 4365 et
1285 4311 1420 4365 iniuriosa
1438 4309 1508 4363 rba·

324 4405 456 4474 pismata.
479 4436 509 4445 -
528 4406 556 4474 5)
577 4405 694 4460 Meliora
712 4405 787 4458 dubii
806 4403 868 4456 Gai.
887 4407 1024 4470 1,13-15.
