3390 5246
281 419 347 485 314
764 412 884 466 Pecunia
902 416 987 466 certa.

371 595 409 660 A.
435 594 551 659 Furius
576 591 728 680 R[ufu]s‚
762 591 845 676 quod
878 591 911 654 iu
936 613 1009 655 eum
1034 592 1279 674 transscriptum
1305 589 1351 674 (²)
1377 593 1466 654 esta

282 697 317 762 C.
344 699 484 783 Cae[sio]
515 699 629 775 Bessa,
661 684 791 782 apsente
820 695 997 782 [delbitore
1021 695 1067 780 (³)
1093 695 1274 760 nominibus
1299 693 1464 780 [du]obus‚

282 803 479 888 subsignatis
503 804 628 886 praedis
653 802 699 888 (4)
724 801 834 867 solvit:
858 801 903 866 M.
920 800 1013 866 Iunio
1030 800 1138 866 Silano
1156 802 1181 864 Α
1200 851 1207 865 .
1227 847 1283 864 ...
1308 799 1386 866 oos¹
1411 803 1463 870 ΧῙΙ

281 907 404 994 mulia}
423 907 635 992 ateramum:
661 907 708 988 (⁵)
725 903 782 970 HS
805 904 912 971 LVllt
929 906 1045 990 utilia)
1063 904 1256 990 aluminum)
1281 905 1377 970 solvit
1394 905 1465 989 [Sa-

280 1013 422 1096 lurnin]0
445 1017 477 1077 et
494 1011 655 1096 Scipione
680 1062 712 1077 ..
732 1061 739 1075 .
758 1061 765 1075 .
785 1009 937 1112 [u]diect.
958 1062 964 1074 .
985 1061 992 1074 .
1011 1011 1057 1094 (⁰)
1077 1060 1238 1076 .......
1258 1011 1323 1074 onii
1341 1060 1348 1074 .
1366 1061 1373 1074 .
1393 1009 1419 1073 ,⁸

516 1209 587 1274 131.
621 1215 648 1270 Ε.
675 1213 828 1283 Apocbata.
857 1214 998 1282 (nanctae
1018 1189 1220 1283 Pompeianae.)

358 1348 480 1416 Pompeis
503 1365 527 1402 a.
548 1351 616 1401 1875
644 1349 711 1401 cisto
734 1347 823 1415 lipneo
845 1351 949 1400 ceratas
973 1345 1081 1398 tabulas
1106 1347 1243 1399 continens
1265 1347 1362 1414 effosso
1380 1350 1464 1402 estin

282 1433 405 1502 cubiculo
424 1434 540 1502 quodam
559 1434 661 1500 domus,
681 1449 750 1502 quoe
763 1434 852 1499 fuisse
870 1433 975 1486 ridetur
993 1431 1025 1486 L.
1041 1431 1143 1486 Caecili
1154 1431 1281 1486 Iucundi.
1311 1433 1347 1487 In
1364 1451 1396 1488 eu
1403 1435 1465 1502 fue·

281 1527 347 1574 runt
372 1521 499 1588 diptpclra
524 1537 584 1582 sec,
612 1522 749 1591 triptpcbu
769 1520 884 1586 CXXI,
910 1521 988 1573 ualde
1011 1521 1106 1574 mutila
1124 1537 1155 1574 eo
1168 1522 1230 1588 fere
1247 1525 1337 1576 munia
1356 1539 1469 1592 ceraque

282 1611 390 1664 sublata
413 1610 443 1662 in
461 1609 609 1677 plerisque,
636 1611 676 1664 itu
694 1615 782 1664 tomen
806 1615 836 1662 ut
856 1610 959 1662 litterae
978 1615 1034 1662 tam
1051 1609 1115 1662 stilo
1133 1625 1207 1661 cerae
1223 1611 1368 1676 impressae
1385 1625 1467 1678 quom

285 1703 434 1752 atramento
452 1697 601 1764 inscriptae
619 1697 691 1764 lipno
709 1713 763 1750 uon
780 1711 893 1764 prorsus
908 1696 1047 1763 perierint.
1085 1695 1125 1748 Et
1150 1711 1183 1748 eoa
1199 1696 1341 1764 senapinta
1360 1697 1465 1764 quidem

281 1783 424 1854 triptpcbis
448 1799 503 1854 non
529 1787 673 1850 supersunt
696 1783 884 1835 uninomina
906 1782 1089 1850 sipiratorum,
1113 1782 1234 1850 reliquae
1253 1788 1340 1836 cutem
1359 1784 1468 1838 tabulae

280 1872 343 1940 plus
361 1871 451 1924 uolnus
472 1871 553 1924 lectae
570 1875 640 1924 sunt.
665 1869 709 1923 De
719 1871 823 1924 ratione
835 1869 1058 1935 confidendorum
1077 1869 1262 1938 diptychorum
1280 1877 1305 1924 et
1319 1871 1464 1940 triptpcbo·

281 1975 343 2012 rum
360 1959 459 2026 epiuius
473 1975 502 2026 p.
512 1960 565 2011 252
576 1959 605 2011 in
618 1957 735 2012 enordio.
758 1955 900 2010 Continent
912 1973 1001 2010 ontrres
1012 1957 1062 2010 bae
1075 1957 1184 2010 tabulae
1198 1957 1316 2024 upocbus
1334 1959 1467 2026 pecuniae

284 2045 388 2100 solutae
412 2064 429 2098 a
452 2045 576 2100 Iucundo
600 2051 648 2098 aul
668 2051 780 2113 propter
803 2046 940 2098 auctiones
961 2060 1013 2112 pro
1040 2045 1103 2098 aliis
1126 2046 1266 2100 institutus
1285 2052 1333 2100 out
1353 2062 1386 2098 ex
1404 2061 1465 2099 con·

284 2133 456 2187 ductionibus
476 2150 566 2186 rernm
585 2134 622 2186 ad
638 2133 770 2186 colonium
789 2131 1015 2200 Pompeianorum
1029 2133 1229 2200 pertinentium.
1248 2161 1282 2172 --
1301 2131 1386 2185 Edita
1404 2138 1468 2184 suut

283 2238 300 2274 u
319 2220 394 2273 Iulio
412 2221 444 2273 de
455 2220 545 2285 Petra,
565 2222 589 2274 le
607 2222 729 2274 taooleltc
747 2226 832 2274 ceroto
844 2220 873 2272 di
889 2220 1007 2288 Pompei,
1029 2217 1216 2273 Romoc1876.
1240 2219 1466 2273 Commentariun

287 2309 396 2376 sempsit
414 2307 470 2362 Mo.
480 2349 488 2375 ,
513 2309 626 2362 Hermes
649 2311 824 2375 tuse-141,
851 2325 926 2374 quem
944 2309 1085 2374 repetitum
1102 2312 1127 2360 ct
1144 2313 1253 2360 auctum
1268 2307 1418 2375 publicarit
1435 2308 1466 2360 in

288 2393 419 2448 Gioruulc
444 2394 514 2464 depli
536 2397 610 2448 scari
628 2395 657 2449 di
676 2394 792 2463 Pompei,
811 2398 887 2461 1879,
907 2413 932 2462 p.
952 2398 1078 2447 70-115.
1116 2395 1231 2448 Addidit
1251 2394 1311 2447 XX
1330 2393 1466 2462 triptpcbo

284 2481 423 2536 emendata
442 2483 476 2536 ab
495 2485 555 2552 ipso
574 2489 599 2537 et
617 2485 651 2536 ab
669 2485 704 2536 A.
725 2483 796 2536 Mau
814 2490 838 2537 et
853 2483 879 2537 C.
894 2483 1098 2552 Zuupemeisler.
1128 2481 1275 2551 [Brunnen
1294 2481 1467 2538 rurRecbls·

283 2569 430 2638 pescbicbte
448 2569 495 2623 der
512 2571 661 2624 rimiscben
679 2571 737 2624 und
753 2570 953 2640 permonisoban
976 2568 1121 2624 Urlcuudcn
1141 2567 1161 2621 Ι
1175 2587 1199 2623 o.
1219 2572 1289 2622 1880
1304 2587 1333 2638 p.
1345 2571 1401 2636 sip
1413 2569 1468 2622 Er-

282 2673 360 2719 man,
386 2674 435 2709 rur
459 2657 613 2712 Gesebiebte
637 2647 683 2712 de'r
701 2659 851 2711 rb'miscben
870 2656 1034 2726 Quitluupen
1058 2655 1116 2710 nied
1135 2641 1346 2719 Solutionsoete,
1370 2655 1467 2710 Berlin

283 2745 366 2810 testu
392 2743 489 2798 Hrueo
512 2746 541 2797 in
561 2743 768 2798 Gruenbutiono
794 2745 954 2814 ephemeride
972 2747 1073 2810 12,249.
1113 2743 1207 2796 Huius
1231 2745 1359 2798 editionis
1384 2762 1466 2799 causa

285 2831 481 2899 Zunpemeister
505 2837 594 2884 noster
618 2832 704 2885 editor
731 2849 824 2886 earum
844 2832 961 2898 futurus
980 2847 1047 2898 quae
1065 2847 1113 2884 nos
1131 2831 1278 2899 recepimus
1297 2833 1387 2885 omnia
1406 2833 1468 2886 dili·

281 2924 373 2986 penter
391 2919 548 2986 recopnooit.
577 2917 626 2972 Tu.
649 2917 695 2986 u]

690 3081 716 3121 a.
745 3066 886 3134 apochae
904 3066 1051 3134 privatae.

439 3189 738 3256 Professiones
767 3191 806 3254 in
831 3181 1089 3273 scripturam
1112 3189 1303 3254 collatae.

373 3329 490 3383 Diverso
515 3335 659 3382 occurrunt
679 3331 853 3396 priuatorum
875 3329 1040 3396 epocharum
1056 3344 1169 3395 penora:
1197 3333 1247 3380 aut
1264 3330 1333 3380 enim
1354 3327 1470 3382 creditor

288 3415 390 3470 dixisse
408 3418 509 3470 dicitur
527 3433 556 3470 se
576 3418 719 3486 accepisse,
740 3423 788 3470 aut
808 3419 865 3484 ipse
884 3417 989 3469 scribit:
1017 3415 1113 3483 scripsi
1133 3431 1177 3468 me
1197 3415 1341 3484 accepisse,
1361 3421 1410 3468 aut
1427 3417 1467 3467 iu·

287 3506 384 3558 teriore
401 3507 537 3572 scriptura
555 3503 657 3558 dixisse
674 3519 737 3557 eum
758 3505 860 3572 lepitur,
880 3506 1009 3557 euteriore
1027 3507 1083 3570 ipse
1102 3505 1235 3571 loquitur:
1254 3503 1351 3572 scripsi
1366 3519 1410 3557 me
1422 3517 1468 3556 ae·

286 3581 398 3660 cepisse.
436 3593 564 3660 Apoelcae
588 3609 656 3659 quas
680 3593 739 3660 ipse
761 3593 870 3658 scripsit
895 3591 1077 3659 chiroprupba
1095 3591 1246 3658 appellatae
1263 3596 1340 3657 sunt,
1369 3597 1471 3644 ceterae

268 3679 269 3682 ’
286 3680 403 3747 propriu
422 3685 512 3732 rorent
530 3680 715 3746 appellatione.
753 3679 933 3747 Differentiae
951 3693 1035 3731 causa
1052 3677 1135 3730 dubia
1153 3684 1198 3730 est.
1227 3677 1283 3732 Ma.
1303 3694 1349 3731 eas
1362 3679 1470 3731 tubulas

285 3767 383 3834 quibus
409 3767 534 3833 formula
560 3765 632 3819 dixit
657 3782 685 3819 se
708 3765 845 3833 accepisse
866 3766 948 3830 inest,
976 3765 1192 3832 acceptilationes
1217 3767 1350 3819 continere
1373 3770 1464 3832 putot.

287 3852 387 3906 Contra
412 3868 459 3922 epo
478 3853 615 3920 disputari
639 3855 669 3908 in
688 3854 775 3908 ΖΕΘ.
794 3858 890 3921 13‚362
907 3871 975 3922 seqq.
1019 3855 1130 3908 Videtur
1147 3857 1215 3909 mibi
1228 3858 1353 3925 formula
1370 3858 1421 3910 illu
1438 3857 1470 3909 id

284 3942 419 4010 nepotium
438 3941 596 4010 sipur'ficare,
616 3943 687 4010 quod
703 3944 733 3996 in
756 3941 782 3996 C.
802 3945 906 4010 santo
927 3943 1102 3996 describitur:
1121 3929 1266 3996 Pecuniae¹
1277 3943 1385 3998 solutae
1404 3961 1467 4012 pro-

283 4028 366 4082 fessio
394 4029 422 4098 [i.
442 4045 461 4082 e.
488 4044 583 4083 coram
610 4028 729 4082 testibus
756 4029 834 4084 facta
860 4029 1008 4098 confessio]
1036 4029 1143 4085 collata
1172 4031 1372 4094 instrumento,
1398 4047 1469 4098 quoe

284 4119 382 4184 gestae
406 4116 447 4170 rei
466 4117 660 4186 probationem
680 4117 821 4172 continere
840 4118 954 4184 dicitur‚·
981 4118 1049 4170 idem
1067 4119 1151 4186 ipit-ur
1169 4123 1221 4185 cst,
1250 4117 1323 4186 quod
1341 4133 1419 4184 saepe
1436 4118 1468 4170 in

283 4204 384 4258 tabellis
400 4204 626 4258 lbunssiloonicis
645 4207 762 4260 occurrit
774 4207 874 4260 uerbis:
893 4203 967 4259 dixit
980 4222 1008 4260 se
1021 4205 1166 4276 accepisse,
1186 4205 1294 4259 fatetur
1314 4221 1342 4258 se
1361 4197 1467 4260 locasse

283 4331 491 4339 -ψ-φ--Ἀ-...ῌ

358 4407 382 4474 t)
403 4406 459 4475 Csr.
480 4406 641 4460 Euordium.
660 4433 695 4444 -
712 4405 741 4476 2)
758 4424 785 4475 p.
800 4405 861 4461 Cbr.
880 4410 920 4460 56.
941 4435 975 4445 -
993 4407 1021 4475 3)
1039 4409 1092 4459 u5
1111 4411 1135 4458 et
1154 4409 1170 4457 6
1191 4405 1327 4460 Huelseno
1346 4407 1470 4460 videnlur

282 4501 347 4562 post
367 4495 537 4548 interuallum
555 4495 680 4560 temporis
697 4495 781 4548 inciso
801 4510 861 4548 esse.
