3358 5244
454 967 479 1033 Ι.
520 967 686 1036 SEXTUS
711 965 929 1032 POMPXIUS
952 967 1125 1034 FESTUS.

269 1141 328 1206 cM.
354 1141 465 1196 Verrius
483 1142 603 1196 Flaccus
620 1158 688 1211 quos
705 1141 853 1208 imperante
874 1141 1001 1210 Anqusto
1019 1158 1051 1195 erc
1071 1141 1252 1196 Vennonianis
1266 1144 1379 1210 potissi-

133 1248 138 1258 ·
196 1246 273 1282 mum
290 1231 439 1296 composuit
462 1231 545 1283 libras
571 1231 602 1284 de
620 1231 760 1283 uerborum
783 1229 942 1296 siqnihealu
961 1230 998 1283 ad
1016 1230 1137 1284 ordinem
1155 1231 1305 1284 litterarum
1322 1232 1381 1297 (sed

195 1318 352 1384 primarum
362 1319 557 1384 tantummodo)
575 1318 700 1386 diqestos,
719 1332 763 1370 eos
777 1315 923 1382 Pompeius
938 1315 1040 1370 Festus
1052 1318 1142 1382 (nobis
1152 1315 1182 1382 Ε)
1201 1319 1317 1372 secundo
1330 1324 1380 1372 ter-

197 1404 268 1458 tioue
284 1410 393 1458 nostrae
411 1421 489 1458 aerae
507 1406 613 1459 saeculo
631 1405 662 1457 in
680 1401 867 1470 compendium
884 1403 993 1471 redeqr't,
1012 1403 1092 1456 euius
1110 1405 1261 1472 compendii
1274 1411 1380 1472 partem

200 1494 316 1546 seruauit
333 1495 432 1547 unmus
450 1495 533 1548 codar
551 1495 614 1547 olim
631 1491 776 1560 Pomponii
789 1490 877 1556 Laeli,
896 1491 975 1543 hodie
990 1490 1189 1558 Neapolitanae
1201 1493 1379 1562 bibliothecae,
1413 1492 1461 1584 -f

202 1581 321 1647 scriptus
339 1597 406 1635 saec.
426 1581 458 1633 X
474 1582 565 1648 (nobis
583 1579 651 1644 cod,
670 1584 803 1648 quatenns
822 1578 901 1630 hodie
920 1583 1048 1644 superest,
1068 1577 1088 1630 L
1107 1580 1138 1632 in
1145 1585 1226 1647 parte
1238 1581 1381 1636 adseruato

198 1668 266 1722 olim
284 1670 359 1736 apud
377 1669 492 1723 Laetum
509 1669 587 1722 hodie
605 1668 764 1736 deperdita).
802 1665 903 1730 Deficit
920 1665 980 1718 siim
999 1665 1062 1718 libri
1076 1682 1147 1734 pars
1161 1668 1242 1734 prior
1259 1673 1315 1722 tota
1326 1669 1381 1723 siue

202 1756 390 1822 quaterniones
414 1763 510 1824 septem
530 1757 616 1823 primi
644 1761 668 1810 et
687 1771 758 1822 pars
782 1753 869 1806 octavi
893 1753 930 1806 ud
952 1754 1067 1807 mediam
1086 1755 1201 1808 litteram
1219 1755 1257 1808 M
1258 1776 1267 1823 ,·
1288 1757 1381 1824 partis

196 1843 357 1908 posterioris
376 1845 582 1911 quaternionum
599 1860 691 1897 nonem
709 1858 777 1910 quae
791 1847 938 1908 supersunt
947 1841 1017 1906 folia
1031 1847 1140 1908 praeter
1157 1843 1274 1896 minores
1288 1844 1381 1898 hiatus

202 1929 327 1984 ambusta
350 1936 414 1984 sant
438 1931 542 1997 omnia,
566 1937 597 1984 ut
615 1931 785 1999 sinqulorum
803 1935 936 1982 rectorum
950 1930 1058 1998 popina
1070 1931 1220 1997 posterior,
1244 1948 1381 1986 versorum

196 2017 303 2085 popina
316 2017 397 2084 prior
415 2024 463 2071 aut
481 2024 537 2072 tota
555 2025 603 2072 aul
621 2019 723 2071 maiore
741 2032 774 2070 ere
788 2022 869 2082 parte
878 2017 998 2083 perierit
1029 2017 1172 2072 Praeterea
1184 2035 1216 2070 ex
1228 2020 1380 2086 quaternio·

197 2103 282 2156 nibus
300 2103 344 2156 his
356 2121 455 2170 nouem,
474 2106 522 2172 qui
540 2106 590 2158 etsi
608 2105 698 2158 mutili
717 2104 908 2170 superfuerunt
926 2109 1014 2157 tanuen
1026 2105 1131 2158 saeculo
1145 2105 1211 2171 XV,
1232 2123 1292 2158 eum
1303 2107 1381 2160 hodie

199 2191 386 2245 desiderentur
409 2198 462 2246 tres
486 2191 632 2266 VHLX.
652 2190 744 2258 XVI,
770 2207 862 2244 eorum
885 2191 955 2244 uices
971 2191 1040 2257 facit
1058 2192 1230 2260 aliquatenus
1248 2194 1382 2260 coemptor

201 2279 365 2346 descriptum
381 2279 445 2332 inde
463 2296 494 2332 ea
513 2285 597 2333 aetate
612 2295 715 2346 parum
733 2279 839 2332 curiose
856 2296 940 2347 neque
959 2286 1093 2333 seruatum
1110 2281 1209 2348 ipsum,
1234 2283 1314 2335 cuius
1330 2299 1381 2337 nos

198 2366 377 2419 adhibuimus
395 2368 553 2434 apoqrapha
570 2367 633 2432 tria,
654 2367 755 2419 scilicet
773 2366 857 2419 libros
881 2365 1028 2420 Vaticanos
1047 2369 1117 2421 1549
1135 2369 1225 2433 (nobis
1243 2368 1286 2436 R),
1311 2373 1380 2423 2731

201 2454 292 2518 (nobis
311 2453 348 2522 S),
368 2457 437 2507 3369
455 2453 545 2518 (nobis
559 2453 604 2521 Q).
640 2453 687 2506 Ad
704 2453 906 2520 quaternionem
922 2453 1052 2507 decimum
1070 2461 1174 2508 sculum
1192 2458 1230 2523 (p.
1243 2459 1382 2510 359—376

199 2541 242 2594 ed.
263 2541 350 2606 Mne.)
374 2540 476 2594 accedit
493 2541 628 2607 euanplar
646 2541 759 2594 atterum
777 2539 858 2607 idque
877 2541 953 2609 louqe
970 2542 1072 2596 maiore
1091 2558 1159 2596 cura
1176 2548 1325 2612 euceptnm,
1351 2550 1382 2596 ut

203 2629 243 2682 uel
259 2629 352 2681 hiatus
370 2628 511 2696 diliqenter
532 2632 709 2694 repraesentet
733 2627 764 2680 iu
782 2628 864 2680 altero
883 2629 1029 2696 enemplari
1043 2631 1201 2697 plerumque
1219 2631 1380 2698 obcaecatos,

201 2717 300 2786 Anqeli
319 2717 452 2771 Politiaui
471 2718 504 2770 ab
523 2717 660 2770 Huelseno
678 2716 869 2785 inoestiqatum
887 2717 918 2768 in
930 2717 987 2769 eod.
1006 2715 1138 2770 Vaticano
1149 2721 1219 2770 3368
1236 2718 1326 2783 (nobis
1337 2717 1380 2787 Α),

197 2821 254 2873 quo
271 2806 374 2871 factmn
391 2811 438 2872 est,
457 2811 488 2857 ut
505 2821 595 2858 carere
608 2805 748 2871 possimus
767 2803 989 2858 adnotationibus
1008 2805 1126 2858 eiusdem
1138 2805 1272 2858 Politiani
1290 2805 1381 2859 udser-
1403 2793 1405 2800 ’

199 2893 272 2946 uatis
290 2894 321 2945 in
340 2893 497 2946 bibliotheca
514 2892 676 2946 Monacensi
694 2893 877 2961 adhibitisque
896 2910 914 2946 a
931 2909 971 2946 me
989 2893 1020 2946 in
1033 2893 1220 2960 quaternionis
1238 2893 1297 2946 eius
1311 2909 1381 2946 reco-

200 2980 320 3048 quitiane
339 2980 412 3032 edila
429 2981 460 3031 in
477 2980 546 3032 actis
559 2979 712 3032 academiae
724 2980 912 3033 Berolinensis
924 2981 1075 3033 maioribus
1088 2981 1244 3034 auni1864.
1258 3011 1292 3018 -
1304 2979 1382 3034 Festi

197 3067 331 3134 epitomen
348 3069 486 3121 etiamtum
502 3069 634 3135 inteqram
653 3068 739 3120 denuo
758 3068 923 3120 abbreviavit
941 3072 1026 3120 aelate
1048 3063 1138 3120 Caroli
1156 3067 1257 3135 Maqni
1275 3067 1382 3120 Paulus

198 3155 290 3220 (nobis
304 3153 323 3205 P
327 3165 335 3221 q
354 3156 486 3208 diaconus
506 3153 531 3206 is
549 3154 607 3219 ipse
624 3154 672 3221 qui
685 3155 796 3220 scripsit
808 3155 840 3207 de
853 3156 933 3207 rebus
943 3155 1027 3222 pestis
1039 3153 1289 3222 Lonqobardorum,
1303 3155 1381 3207 ouius

196 3243 329 3308 epitomae
346 3242 418 3294 inter
435 3241 520 3294 multa
543 3255 611 3307 quae
630 3245 776 3306 supersunt
794 3241 959 3306 enemplaria
979 3240 1153 3293 adhibuimus
1171 3241 1227 3294 tria
1244 3241 1382 3307 primaria

204 3327 444 3398 Guelferbytanum
461 3327 551 3392 (nobis
564 3324 598 3394 G)
616 3343 684 3380 saec.
699 3326 736 3393 X,
759 3328 885 3381 Trecense
904 3328 994 3393 (nobis
1007 3327 1040 3396 Τ)
1060 3343 1128 3380 saec.
1143 3327 1199 3393 XI,
1219 3328 1382 3382 Monacense

201 3414 291 3479 (uobis
312 3413 348 3480 M)
367 3413 469 3466 saeculi
487 3411 622 3468 XIlXII.
650 3406 768 3466 Factum
786 3419 875 3466 autem
892 3420 930 3468 est
943 3414 1080 3483 sinqulari
1092 3414 1216 3480 beneficio
1232 3413 1382 3469 Christiani

202 3499 341 3566 Huelseni,
367 3505 397 3552 ut
414 3499 445 3552 in
462 3500 513 3552 hac
531 3500 645 3553 editione
663 3517 732 3569 quae
751 3518 783 3554 eu
803 3501 887 3554 Festo
906 3501 1025 3556 Paulove
1047 3502 1261 3570 deprompsimus
1278 3503 1382 3571 dipesta

198 3589 239 3641 -ud
257 3587 378 3640 ordinem
396 3589 592 3654 alphabeticum
608 3588 686 3641 hodie
704 3589 848 3656 usitatum,
877 3589 969 3642 omnia
981 3595 1175 3656 proponantur
1192 3590 1328 3659 recoquita
1346 3591 1383 3644 ad

196 3675 366 3742 -cnemplaria
383 3691 469 3742 supra
486 3676 570 3728 citata
588 3674 622 3728 ab
640 3689 669 3728 eo
688 3680 737 3728 aut
749 3675 836 3728 deum
848 3680 897 3728 aut
905 3675 1028 3742 primum
1041 3675 1182 3744 diliqenter
1194 3677 1298 3730 collatu.
1327 3675 1381 3732 Po·

200 3763 281 3832 qinae
299 3779 367 3830 quae
381 3761 482 3828 Flesti)
499 3763 538 3815 nel
556 3761 664 3828 Plauli)
681 3779 777 3816 norun
795 3768 953 3831 sequnntur,
972 3764 1019 3829 uel,
1041 3761 1089 3815 ubi
1107 3761 1186 3815 Festi
1204 3780 1272 3832 quae
1290 3779 1381 3831 snper-

201 3856 266 3904 sunt
283 3867 315 3904 eu
333 3851 444 3918 epitome
456 3850 540 3904 Pauli
557 3852 724 3918 supplentur,
738 3851 880 3919 utriusque
892 3851 1037 3917 coniuncti,
1053 3850 1182 3904 editionis
1197 3857 1261 3904 sunt
1272 3857 1382 3905 curatae

196 3957 227 3994 a.
246 3941 315 3992 1839
333 3939 367 3991 ab
389 3937 521 4003 Odofredo
541 3935 656 3990 Mueller
673 3937 763 4002 (nobis
781 3935 875 4005 Mun).

392 4097 419 4160 Ε
442 4097 573 4160 libris
597 4095 643 4160 ds
666 4097 894 4161 verborum
917 4095 1200 4181 significatu.

202 4237 358 4303 Abacbi
382 4235 607 4321 magistratus
632 4237 828 4315 dicebantur,
853 4237 908 4321 qui
924 4238 1025 4301 coacti
1044 4238 1255 4318 deposuerant
1278 4236 1379 4319 impe-

204 4344 298 4408 rium.
346 4343 384 4408 P.
407 4349 461 4408 23,

275 4481 302 4546 1)
320 4482 382 4551 [sor.
402 4481 580 4550 magistratu.
608 4481 658 4534 Ta.
673 4481 726 4550 hh]

239 4585 340 4639 Bsuns,
364 4586 452 4632 Fontes
470 4587 536 4632 iuris.
574 4585 633 4631 Pers
654 4583 688 4630 11.
726 4585 769 4630 Ed.
790 4583 833 4629 VI.
