3400 5254
753 397 858 452 l'estus.
1376 401 1399 464 9

219 573 491 640 familiares
526 599 563 639 ex
596 577 704 640 eadem
735 567 875 639 familia.
918 573 1032 640 Postea
1063 575 1124 640 hoc
1152 577 1278 640 nomine
1301 576 1397 641 etiam

219 679 333 743 famuli
356 679 510 764 appellari
535 686 706 765 coeperunt
728 687 795 746 cett.
842 682 882 746 P.
905 687 957 749 86.

219 781 321 848 Fam
335 807 357 848 u
371 785 403 848 li
437 786 529 869 origo
553 786 593 850 ab
617 784 706 850 Oscis
729 785 914 870 tepenter,
939 787 1023 870 apud
1046 808 1125 870 quos
1148 807 1257 850 servus
1282 784 1399 849 ‘famel’

220 888 474 968 nominabaturl,
491 891 574 954 unde
590 894 622 954 et
638 889 760 954 familia
776 895 898 955 vocata.
916 927 959 938 -
975 889 1206 957 Farnuletium⁸
1224 890 1399 969 dicebatur,

224 995 306 1077 quod
331 1017 415 1059 nunc
438 996 612 1060 servitium.
662 997 699 1061 P.
723 999 775 1061 87.

221 1097 462 1182 Ferreum,
486 1122 588 1185 genua
611 1101 668 1164 libi
692 1123 730 1165 ex
753 1101 839 1167 farre
863 1102 992 1168 factum.
1040 1102 1078 1166 P.
1103 1102 1172 1168 88⁴

221 1203 276 1268 Fa
293 1205 380 1270 stis
404 1207 514 1271 diebus
538 1205 691 1270 iucunda⁶
715 1207 776 1270 fari
799 1207 927 1284 licebat,
951 1207 1083 1272 nefastis
1107 1209 1259 1292 quaedam
1278 1228 1342 1272 non
1359 1207 1399 1270 li-

219 1309 311 1375 cebat
333 1309 405 1375 fari.
453 1312 490 1377 P.
515 1311 583 1376 93.l

220 1415 465 1480 Fastorum
487 1416 562 1481 libri
580 1417 793 1500 appellantur,
816 1419 849 1481 in
868 1419 984 1502 quibus
1000 1419 1099 1484 totius
1116 1419 1190 1482 anni
1207 1419 1245 1482 fit
1260 1417 1400 1502 descrip-

220 1517 295 1586 tio⁷.
342 1520 431 1586 Fasti
455 1522 539 1586 enirn
562 1522 628 1586 dies
651 1522 725 1586 festi
749 1527 834 1586 sunt.
882 1524 920 1587 P.
944 1528 997 1588 87.

220 1625 360 1690 Fenus
384 1632 426 1690 et
448 1626 717 1691 feneratores
741 1632 772 1691 et
797 1628 847 1692 lex
864 1629 1187 1713 decrediiapecunia
1211 1628 1400 1692 fenebris

222 1755 241 1796 a
264 1731 333 1795 fetu
357 1731 450 1808 dicta,
475 1733 558 1816 quod
583 1733 694 1796 crediti
718 1733 842 1797 nummi
866 1734 945 1798 alios
970 1737 1098 1818 pariant
1121 1740 1190 1800 cett.
1237 1733 1274 1798 P.
1298 1738 1349 1798 86.

220 1837 447 1902 Feretrius
469 1836 614 1922 Iuppiter
637 1839 740 1903 dictus
764 1863 783 1902 a
798 1839 940 1917 ferendo,
964 1841 1047 1924 quod
1071 1821 1181 1924 paceni
1205 1839 1289 1904 ferre
1306 1844 1398 1923 puta-

221 1946 325 2017 retur:
355 1964 393 2006 ex
416 1943 505 2006 ouius
528 1943 648 2028 templo
671 1945 840 2008 sumebant
863 1948 1034 2028 sceptrum,
1060 1968 1116 2028 per
1139 1946 1223 2029 quod
1246 1946 1401 2023 iurarent,

220 2055 252 2114 et
268 2049 406 2132 lapidem
422 2049 551 2127 silicem,
568 2072 631 2133 quo
647 2049 759 2114 foedus
776 2049 918 2114 ferirent.
953 2049 992 2113 P.
1010 2054 1064 2114 92.
1097 2051 1167 2130 (Cf.
1185 2049 1399 2134 Lapidem.)

220 2151 325 2219 Peri
341 2175 386 2216 aa
410 2154 534 2237 antiqui
559 2153 672 2217 fesiaa⁸
696 2155 873 2230 vocabant3
898 2159 931 2219 et
954 2154 1035 2219 aliae
1051 2159 1142 2220 erant
1158 2157 1226 2219 sine
1242 2155 1292 2220 die
1306 2156 1400 2233 festo,

221 2264 257 2323 ut
280 2259 449 2336 nundinae,
475 2259 556 2323 aliae
579 2282 649 2323 cum
673 2260 765 2337 festo,
790 2265 826 2322 ut
849 2259 1033 2325 Saturnalia
1056 2267 1124 2326 cett.
1171 2260 1208 2324 P.
1234 2263 1286 2325 86.

220 2362 438 2428 Fetiales
462 2387 480 2427 a
502 2363 649 2428 ferendo⁹
674 2364 766 2428 dicti:
791 2366 873 2448 apud
897 2365 957 2430 hos
981 2366 1063 2430 enim
1088 2364 1162 2430 belli
1179 2365 1328 2450 pacisque
1351 2366 1366 2429 f
1385 2401 1401 2414 -

220 2471 349 2536 ciendae
372 2471 421 2534 ius
445 2473 501 2534 est.
550 2471 588 2534 P.
614 2469 699 2535 91.10
1084 2471 1087 2476 ’

222 2575 487 2640 Pleminius
519 2575 741 2639 camillus
772 2597 850 2659 puer
877 2576 1042 2639 dicebatur
1064 2575 1223 2660 ingenuus
1248 2575 1400 2659 patrimae

221 2685 253 2746 et
284 2681 464 2757 matrimes,
499 2681 554 2764 qni
588 2679 710 2744 flamini
743 2678 829 2744 Diali
861 2681 901 2744 ad
924 2679 1079 2744 sacrificia
1101 2680 1399 2763 praeministrabat:

220 2786 346 2870 antiqui
369 2787 450 2850 enirn
480 2786 643 2850 ministros
665 2785 807 2850 camillos
831 2786 980 2850 dicebant
1002 2791 1071 2849 cett.
1119 2787 1156 2851 P.
1183 2791 1234 2851 93.

221 2889 453 2955 Flammeo
485 2890 632 2955 amicitur
655 2892 777 2956 nubens
807 2891 953 2956 ominis¹¹
979 2889 1088 2954 boni¹²
1112 2912 1222 2968 causa,
1255 2893 1338 2975 quod
1362 2915 1401 2956 eo

223 2997 353 3061 adsidue
377 2995 528 3060 utebatur
551 2997 722 3074 flaminica,
745 2998 776 3060 id
801 3002 849 3060 est
868 2995 1007 3060 flaminis
1024 3015 1113 3071 uxor,
1137 2997 1187 3059 cui
1203 3018 1266 3060 non
1284 2997 1402 3062 licebat

222 3103 327 3166 facere
350 3102 533 3166 divortium.
581 3102 619 3164 P.
644 3105 697 3165 89.

290 3256 316 3326 1)
335 3255 468 3326 dependit
487 3257 558 3308 libri.
584 3286 618 3294 -
636 3254 663 3324 2)
684 3255 742 3308 Lao
761 3256 829 3309 Osca
847 3257 898 3308 tab.
920 3255 999 3308 Boni.
1022 3263 1093 3320 (loia.
1116 3256 1175 3323 ip.
1194 3260 1239 3316 52)
1259 3273 1282 3309 o.
1301 3261 1345 3310 22.
1372 3289 1397 3297 —

218 3345 247 3410 3)
261 3344 321 3412 [aer.
333 3343 517 3397 famulicium.
531 3342 580 3399 Ta.
593 3343 637 3414 Μ.)
650 3374 678 3382 -
697 3343 727 3410 4)
737 3344 810 3396 Plia.
824 3344 1013 3410 b.a.18‚3,10:
1026 3342 1056 3396 in
1066 3344 1150 3398 sacris
1162 3343 1232 3398 nihil
1241 3343 1401 3414 religiosius

218 3430 450 3486 confarreationis
469 3432 581 3487 vinculo
602 3434 671 3494 erat,
691 3447 833 3501 novaeque
851 3433 958 3500 nuptae
976 3429 1100 3484 farreum
1119 3431 1327 3500 praeferebant.
1357 3432 1398 3502 Of.

220 3517 282 3570 Gai.
299 3523 378 3584 1,112.
399 3547 428 3556 —
444 3520 473 3584 5)
486 3519 606 3574 iocunda
619 3521 689 3587 libri,
709 3519 830 3574 iuridiea
842 3522 922 3589 Any,
936 3519 978 3573 ius
991 3519 1062 3573 Seni.
1083 3520 1184 3589 [malim
1195 3520 1256 3574 iure
1268 3520 1399 3576 dicunda.

219 3603 268 3658 Tu.
290 3603 336 3672 lt]
364 3638 394 3646 -
425 3607 454 3673 6)
475 3606 515 3674 Cf.
543 3607 636 3674 Varro,
657 3609 672 3660 l.
693 3608 709 3660 l.
729 3611 842 3674 6,29.30.
871 3639 903 3646 -
933 3607 960 3678 7)
986 3608 1075 3678 [immo
1092 3605 1244 3677 discriptio.
1281 3608 1330 3660 Ta.
1351 3604 1399 3678 Μ.)

221 3692 311 3745 Maur.
333 3697 499 3760 sot.1‚15,9:
531 3694 630 3748 Priscis
650 3723 682 3734 -
702 3693 889 3762 temporibus,
918 3697 1070 3763 antequam
1098 3694 1165 3749 fasti
1194 3711 1211 3748 a
1234 3695 1281 3749 Cn.
1301 3694 1401 3750 Flavio

221 3779 311 3832 scriba
331 3777 429 3832 invitis
449 3779 580 3849 patribus
600 3781 628 3833 in
649 3780 774 3836 omnium
794 3781 927 3836 notitiam
947 3779 1140 3851 proderentur,
1160 3782 1285 3852 pontifici
1300 3782 1400 3838 minori

219 3867 289 3922 haec
307 3868 452 3936 provincia
475 3868 674 3938 delegabatur,
701 3873 734 3922 ut
753 3885 842 3925 novae
861 3869 946 3925 lunae
965 3870 1087 3939 primum
1108 3871 1269 3926 observaret
1288 3871 1401 3941 adspec-

219 3959 280 4008 tum
308 3955 452 4023 visamque
475 3955 535 4024 regi
558 3956 713 4011 sacrificulo
733 3957 889 4018 nuntiaret,
914 3958 1020 4026 itaque,
1045 3956 1180 4012 sacrificio
1198 3987 1231 3998 ·-
1250 3957 1399 4024 celebrato,

222 4043 296 4098 idem
315 4042 443 4112 pontifex
462 4043 566 4105 calata,
588 4042 617 4096 id
637 4046 679 4098 eat
699 4047 807 4108 vocata,
826 4045 855 4098 in
867 4043 1038 4115 Capitolium
1052 4043 1143 4114 plebe,
1156 4073 1190 4084 -
1202 4048 1272 4114 quot
1285 4063 1402 4102 numero

226 4132 284 4188 dies
303 4149 320 4184 a
341 4129 469 4184 kalendis
488 4129 524 4184 ad
544 4145 632 4186 nonas
654 4135 845 4200 superessent,
870 4133 1084 4202 pronuntiabat.
1109 4163 1141 4172 -
1162 4130 1286 4186 Verbum
1305 4136 1400 4188 autem

222 4222 298 4272 καλῶ
317 4233 448 4286 graecum
468 4220 519 4283 eat,
538 4216 566 4269 id
588 4220 630 4272 est
650 4233 725 4283 voco,
746 4221 775 4273 et
794 4219 869 4274 hunc
887 4220 970 4283 diem,
989 4220 1036 4290 qui
1057 4235 1089 4273 ex
1106 4219 1268 4282 hisdiebus,
1288 4219 1336 4288 qui
1355 4236 1401 4274 ca-

224 4306 359 4371 larentur,
379 4303 486 4374 primus
504 4306 584 4357 esset.
605 4305 712 4374 placuit
731 4306 867 4360 kalendas
882 4307 982 4362 vocari.
1003 4337 1037 4344 -
1057 4304 1084 4374 8)
1105 4305 1401 4371 testamentariae.

220 4394 294 4448 Mae.
324 4424 356 4433 -
383 4392 409 4462 9)
429 4394 468 4446 sic
486 4391 558 4446 libri.
577 4423 610 4432 -
634 4394 679 4462 10)
697 4395 806 4448 Nouius
823 4412 847 4448 o.
866 4393 989 4449 Fetialis.
1033 4393 1126 4460 Varro,
1144 4395 1159 4447 i.
1180 4393 1196 4446 l.
1216 4395 1283 4460 aab.
1303 4424 1336 4432 —-
1358 4394 1401 4463 ll)

221 4481 341 4536 hominia
360 4480 397 4532 M
406 4480 433 4532 T.
456 4510 485 4518 —
510 4480 554 4545 12)
574 4495 623 4532 om.
646 4481 674 4534 T.
