3400 5254
715 363 933 430 Agrimensores.
1377 358 1417 426 89

238 565 337 627 genus
361 544 602 617 subsicivorum,
628 541 712 624 quod
736 542 769 603 iu
796 541 906 603 mediis
930 538 1206 621 adsignationibus
1229 543 1261 602 et
1283 539 1417 621 integris

220 633 389 713 ¹centuriis
412 649 595 711 intervenit.
1441 652 1444 657 '

690 820 835 875 frontinus
855 817 926 874 liter
945 819 972 872 ll.

324 947 432 1010 Prima
458 983 497 992 -
521 946 663 1012 condicio
682 944 861 1029 possidendi
884 943 961 1006 haec
984 947 1032 1005 est
1055 942 1108 1005 ac'
1134 941 1468 1025 permansurum.

237 1053 344 1115 nullus
367 1073 444 1132 ager
467 1051 532 1114 est²
556 1050 761 1125 tributarius,
796 1049 848 1112 sed
873 1052 929 1110 aut
951 1047 1112 1110 colonicus
1136 1052 1191 1110 aut
1217 1047 1416 1131 municipalis

238 1163 293 1220 ant
316 1157 449 1220 alicuius
472 1155 596 1218 castelli
622 1161 678 1220 aut
701 1154 904 1219 conciliabuli
929 1157 984 1216 aut
1007 1152 1107 1215 saltus
1130 1152 1257 1233 privati.
1304 1153 1365 1216 Au
1390 1153 1416 1216 si

237 1263 274 1326 ad
299 1261 477 1345 provincias
494 1260 711 1343 respiciamus,
733 1259 853 1323 habent
869 1279 964 1342 agros
981 1257 1138 1321 colonicos
1156 1258 1310 1320 eiusdem4
1327 1259 1416 1335 iuris,

237 1368 357 1430 habent
379 1369 411 1429 et
434 1365 592 1428 colonicos
617 1365 671 1448 qui
688 1369 765 1427 sunt
781 1362 956 1439 inmunes⁶,
980 1363 1101 1426 habent
1117 1365 1149 1425 et
1164 1361 1339 1426 colonicos⁰
1357 1365 1415 1427 sti-

236 1471 432 1553 pendiarios;
467 1468 588 1532 habent
618 1475 724 1533 autem
752 1469 934 1551 provinciae
958 1472 989 1531 et
1013 1467 1219 1549 municipales
1243 1489 1337 1552 agros
1361 1471 1417 1532 aut

236 1575 415 1638 civitatium
438 1575 691 1656 peregrinarum.

323 1680 366 1742 Et
389 1679 705 1762 stipendiarios
731 1679 871 1759 [paridem
889 1678 1027 1740 dicimus
1051 1677 1099 1739 nel
1116 1676 1336 1758 tributarios⁷l
1361 1678 1468 1760 qui36.

235 1806 350 1848 nexum
381 1805 442 1846 non
467 1783 588 1848 habeut
611 1806 713 1867 neque
736 1781 946 1866 possidendo8
976 1783 1015 1846 ab
1040 1781 1103 1844 alio
1130 1781 1239 1863 quaeri
1263 1786 1413 1862 possunt:

236 1887 452 1970 possidentur⁹
476 1892 584 1951 tamen
608 1911 626 1950 a
650 1887 792 1970 privatis
817 1889 869 1950 sed
887 1887 950 1949 alia
967 1886 1194 1963 condicionem,
1219 1890 1251 1950 et
1268 1892 1415 1965 veneunt,

234 1992 287 2056 sed
312 2014 367 2056 nec
390 1993 584 2075 mancipatio
609 2015 717 2056 eorum
742 1992 887 2076 legitima
911 1995 1017 2074 potest
1040 2012 1124 2066 esse3
1149 1991 1309 2073 possidere
1332 1992 1416 2054 enim

236 2096 301 2160 illis
325 2098 416 2180 quasi
440 2097 566 2162 fructus
590 2097 723 2160 tollendi
739 2118 834 2160 causa
857 2100 889 2160 et
903 2095 1087 2179 praestandi
1104 2096 1218 2158 tributi
1234 2096 1417 2159 condicione

236 2206 464 2265 concessum¹¹
503 2207 560 2266 est.
609 2201 782 2266 Vindicant
811 2206 918 2265 tamen
948 2203 1032 2263 iuter
1063 2223 1095 2264 se
1123 2222 1187 2263 non
1209 2202 1314 2264 minus
1337 2200 1416 2265 fines

236 2328 272 2369 ex
297 2328 408 2390 aequa
440 2329 475 2369 ac
498 2307 525 2370 si
548 2309 748 2390 privatorum
772 2329 937 2390 agrorum3
962 2344 993 2352 —
1029 2328 1103 2369 nam
1127 2311 1159 2369 et
1183 2307 1416 2370 controversias

234 2410 318 2474 inter
349 2434 382 2474 se
405 2411 484 2474 tales
508 2417 657 2488 movent,
692 2413 801 2495 quales
831 2412 864 2473 in
888 2413 974 2495 agris
1007 2411 1193 2474 inmunibus
1225 2417 1257 2474 et
1281 2413 1415 2493 privatis

234 2516 337 2578 solent
366 2516 498 2580 evenire.
545 2514 732 2580 Videbimus
763 2520 886 2593 tamen,
922 2539 962 2579 an
991 2516 1177 2580 interdicere
1209 2517 1280 2600 quis
1315 2517 1416 2599 possit

235 2620 272 2683 de
294 2620 449 2686 eiusmodi
475 2624 686 2704 possessione¹
700 2627 724 2686 ².
750 2659 791 2666 -

758 2813 887 2882 lippinus.

320 2933 663 3019 Occupatorius
689 2960 766 3021 ager
790 2937 906 3000 dicitur
930 2959 983 3015 eo,
1018 2940 1102 3022 quod
1128 2942 1298 3022 occupatus
1322 2940 1370 2999 est
1395 2945 1484 2999 alla.

235 3037 353 3102 victore
376 3042 504 3124 populo,
531 3045 651 3105 territis
676 3044 789 3106 exinde
813 3043 999 3127 fugatisque
1022 3043 1228 3116 hostibus¹⁸;
1254 3090 1312 3107 ...
1337 3041 1412 3123 quia

234 3163 296 3205 non
326 3144 429 3208 solum
457 3149 583 3210 tantum
615 3149 791 3230 occupabat
823 3170 905 3210 unus
940 3149 1090 3231 quisque,
1124 3151 1278 3230 quantum
1312 3147 1414 3210 colere

234 3250 391 3329 praesenti
414 3255 557 3332 tempore
580 3257 716 3334 poterat,
742 3253 795 3315 sed
820 3257 976 3335 quantum
999 3254 1032 3316 in
1049 3275 1135 3336 spem
1153 3251 1276 3314 colendi
1294 3250 1413 3314 habue-

233 3357 283 3415 rat
306 3353 480 3416 ambiebat¹
493 3357 518 3416 4.

302 3561 328 3628 1)
348 3566 380 3613 ut
394 3563 538 3629 proposuit
558 3561 668 3617 Lachm.
690 3593 722 3602 -
742 3564 771 3632 2)
791 3580 858 3632 ager
877 3565 932 3634 est]
953 3565 1099 3632 cingerum
1119 3566 1182 3618 Arc.
1204 3597 1236 3604 —
1253 3568 1281 3632 3)
1299 3584 1332 3621 ac
1347 3565 1412 3637 Arc·

233 3677 262 3684 -
282 3648 312 3714 4)
331 3647 464 3716 eiusdem]
488 3647 600 3716 quidem
621 3650 684 3703 Arc.
706 3681 734 3689 -
757 3653 783 3720 5)
802 3653 841 3705 sic
862 3652 989 3721 Rudorff‚
1008 3651 1144 3708 colonicos
1164 3652 1341 3722 stipendiarii
1363 3653 1411 3722 qui

231 3740 296 3787 sunt
314 3737 343 3788 in
363 3753 535 3790 communem
552 3740 614 3792 Arc.
640 3769 666 3776 -
687 3741 715 3807 6)
733 3740 887 3794 habentem
906 3742 935 3792 et
953 3739 1059 3794 colonis
1075 3741 1137 3794 Arc.
1159 3770 1188 3778 -
1210 3742 1237 3807 7)
1255 3741 1368 3810 quidem
1385 3740 1411 3794 d.

233 3838 257 3872 n.
276 3825 311 3876 tr.
331 3837 380 3875 om.
400 3823 464 3875 Arc.
490 3853 522 3861 -
549 3824 575 3894 8)
594 3825 753 3893 possidendi
773 3827 837 3881 Arc.
869 3857 903 3865 -
922 3826 951 3893 9)
971 3828 1068 3894 quaeri
1087 3828 1205 3895 possunt
1222 3828 1411 3897 possidentur]

231 3926 314 3976 quam
335 3911 477 3978 possident
496 3912 655 3979 possidente
675 3915 739 3967 Arc.
759 3945 794 3952 —
814 3916 859 3981 10)
880 3911 1071 3968 condicionem
1087 3916 1152 3968 Arc.
1173 3945 1205 3954 -
1227 3919 1268 3982 11)
1287 3915 1413 3971 condicio

230 4012 357 4050 concessa
371 3998 433 4050 Arc.
459 4029 481 4036 -
511 3998 555 4068 12)
568 3999 765 4066 possessionem
781 4003 844 4054 Arc.
861 4031 889 4039 -
909 4002 954 4064 13)
968 3999 1051 4054 Sical.
1065 4005 1156 4066 138‚3:
1174 4001 1354 4070 Occupatorii
1367 4033 1411 4066 —‚

232 4082 331 4150 quibus
357 4084 433 4152 agris
462 4085 550 4140 victor
569 4086 690 4155 populus
708 4089 869 4157 occupando
890 4105 989 4143 nomen
1010 4087 1101 4151 dedit;
1129 4088 1210 4141 bellis
1229 4088 1303 4142 enim
1323 4089 1410 4157 gestis

235 4170 349 4224 victores
367 4172 463 4239 populi
484 4175 573 4226 terras
592 4189 696 4235 omnes,
717 4174 864 4242 exquibus
885 4174 972 4229 victos
985 4173 1132 4235 eiecerunt,
1152 4174 1332 4242 publicavere
1352 4178 1413 4244 (pu-

230 4256 320 4312 blicae
338 4262 434 4312 autem
452 4261 538 4326 Arc),
566 4264 651 4328 atque
669 4259 869 4315 universaliter
888 4260 1063 4316 territorium
1082 4260 1224 4325 dixerunt,
1244 4261 1323 4316 intra
1342 4281 1411 4332 quos

232 4344 298 4398 fines
317 4345 385 4398 iuris
404 4345 516 4400 dicendi
534 4347 577 4400 ius
597 4350 669 4401 esset
687 4349 737 4417 [sic
755 4351 853 4417 scripsi
870 4350 920 4402 Ta.
935 4350 978 4411 Ml,
1003 4350 1044 4402 ius
1064 4351 1107 4403 est
1127 4349 1236 4404 dicendi
1257 4350 1299 4403 uti
1319 4351 1412 4405 essent

231 4432 304 4499 Ara,
323 4433 365 4486 ius
384 4434 494 4490 dicendi
513 4437 585 4489 esset
605 4435 705 4504 Guelf„
727 4436 769 4488 ius
788 4436 831 4490 ius
850 4437 959 4491 dicendi
977 4440 1050 4492 esset
1068 4436 1185 4506 Brona}
1212 4467 1242 4476 —
1265 4437 1307 4506 14)
1327 4437 1410 4492 dicul.
