<?xml version="1.0" encoding="UTF-8"?>
<!DOCTYPE html PUBLIC "-//W3C//DTD XHTML 1.0 Transitional//EN"
    "http://www.w3.org/TR/xhtml1/DTD/xhtml1-transitional.dtd">
<html xmlns="http://www.w3.org/1999/xhtml" xml:lang="en" lang="en">
 <head>
  <title>
</title>
<meta http-equiv="Content-Type" content="text/html;charset=utf-8" />
  <meta name='ocr-system' content='tesseract 3.04.00' />
  <meta name='ocr-capabilities' content='ocr_page ocr_carea ocr_par ocr_line ocrx_word'/>
</head>
<body>
  <div class='ocr_page' id='page_1' title='image "./fontesjurisroma00mommgoog_0115.png"; bbox 0 0 3382 5248; ppageno 0'>
   <div class='ocr_carea' id='block_1_1' title="bbox 526 389 1391 459">
    <p class='ocr_par' dir='ltr' id='par_1_1' title="bbox 526 389 1391 459">
     <span class='ocr_line' id='line_1_1' title="bbox 526 389 1391 459; baseline -0.002 -15"><span class='ocrx_word' id='word_1_1' title='bbox 526 390 582 446; x_wconf 84' lang='lat' dir='ltr'>Lex</span> <span class='ocrx_word' id='word_1_2' title='bbox 602 391 732 447; x_wconf 85' lang='lat' dir='ltr'>Cornelia</span> <span class='ocrx_word' id='word_1_3' title='bbox 751 391 784 445; x_wconf 91' lang='lat' dir='ltr'>de</span> <span class='ocrx_word' id='word_1_4' title='bbox 805 389 856 444; x_wconf 87' lang='lat' dir='ltr'>XX</span> <span class='ocrx_word' id='word_1_5' title='bbox 875 390 1075 459; x_wconf 77' lang='lat' dir='ltr'><strong>quaestoribus.</strong></span> <span class='ocrx_word' id='word_1_6' title='bbox 1350 393 1391 456; x_wconf 84' lang='lat'>91</span> 
     </span>
    </p>
   </div>
   <div class='ocr_carea' id='block_1_2' title="bbox 159 565 1394 986">
    <p class='ocr_par' dir='ltr' id='par_1_2' title="bbox 159 565 1394 986">
     <span class='ocr_line' id='line_1_2' title="bbox 212 565 1392 637; baseline 0.001 -14"><span class='ocrx_word' id='word_1_7' title='bbox 212 575 267 624; x_wconf 83' lang='lat' dir='ltr'>torn</span> <span class='ocrx_word' id='word_1_8' title='bbox 284 567 503 637; x_wconf 69' lang='lat' dir='ltr'>praescriptiones</span> <span class='ocrx_word' id='word_1_9' title='bbox 531 581 611 632; x_wconf 81' lang='lat' dir='ltr'>qnam</span> <span class='ocrx_word' id='word_1_10' title='bbox 630 565 694 634; x_wconf 78' lang='lat' dir='ltr'>lepis</span> <span class='ocrx_word' id='word_1_11' title='bbox 711 567 797 634; x_wconf 67' lang='lat' dir='ltr'>apsens</span> <span class='ocrx_word' id='word_1_12' title='bbox 814 567 893 633; x_wconf 68' lang='lat' dir='ltr'>finan</span> <span class='ocrx_word' id='word_1_13' title='bbox 912 568 1073 622; x_wconf 72' lang='lat' dir='ltr'>continuasse</span> <span class='ocrx_word' id='word_1_14' title='bbox 1090 570 1147 621; x_wconf 76' lang='lat' dir='ltr'>neri</span> <span class='ocrx_word' id='word_1_15' title='bbox 1163 569 1329 624; x_wconf 76' lang='lat' dir='ltr'>simillirnrnn</span> <span class='ocrx_word' id='word_1_16' title='bbox 1347 575 1392 624; x_wconf 82' lang='lat' dir='ltr'>est.</span> 
     </span>
     <span class='ocr_line' id='line_1_3' title="bbox 213 653 1394 724; baseline 0 -14"><span class='ocrx_word' id='word_1_17' title='bbox 213 657 272 710; x_wconf 84' lang='lat' dir='ltr'>Len</span> <span class='ocrx_word' id='word_1_18' title='bbox 296 657 357 723; x_wconf 80' lang='lat' dir='ltr'>ipsa</span> <span class='ocrx_word' id='word_1_19' title='bbox 379 655 449 708; x_wconf 80' lang='lat' dir='ltr'>binis</span> <span class='ocrx_word' id='word_1_20' title='bbox 467 653 598 706; x_wconf 80' lang='lat' dir='ltr'>eolnrnnr&#39;s</span> <span class='ocrx_word' id='word_1_21' title='bbox 617 659 729 706; x_wconf 82' lang='lat' dir='ltr'>onorata</span> <span class='ocrx_word' id='word_1_22' title='bbox 748 659 802 720; x_wconf 69' lang='lat' dir='ltr'>est,</span> <span class='ocrx_word' id='word_1_23' title='bbox 830 655 920 722; x_wconf 79' lang='lat' dir='ltr'>capito</span> <span class='ocrx_word' id='word_1_24' title='bbox 938 655 977 707; x_wconf 82' lang='lat' dir='ltr'>ito</span> <span class='ocrx_word' id='word_1_25' title='bbox 995 654 1121 708; x_wconf 82' lang='lat' dir='ltr'>distinctu</span> <span class='ocrx_word' id='word_1_26' title='bbox 1139 662 1216 719; x_wconf 85' lang='lat' dir='ltr'>snat,</span> <span class='ocrx_word' id='word_1_27' title='bbox 1242 662 1274 709; x_wconf 85' lang='lat' dir='ltr'>nt</span> <span class='ocrx_word' id='word_1_28' title='bbox 1288 658 1394 724; x_wconf 83' lang='lat' dir='ltr'>primns</span> 
     </span>
     <span class='ocr_line' id='line_1_4' title="bbox 159 741 1391 812; baseline 0.001 -17"><span class='ocrx_word' id='word_1_29' title='bbox 159 789 160 795; x_wconf 72' lang='grc'>,</span> <span class='ocrx_word' id='word_1_30' title='bbox 213 744 322 812; x_wconf 81' lang='lat' dir='ltr'>qnisqne</span> <span class='ocrx_word' id='word_1_31' title='bbox 341 741 508 810; x_wconf 78' lang='lat' dir='ltr'>sinpnlornm</span> <span class='ocrx_word' id='word_1_32' title='bbox 526 742 645 809; x_wconf 79' lang='lat' dir='ltr'>eapitnrn</span> <span class='ocrx_word' id='word_1_33' title='bbox 662 757 753 796; x_wconf 81' lang='lat' dir='ltr'>nerana</span> <span class='ocrx_word' id='word_1_34' title='bbox 770 743 800 796; x_wconf 82' lang='lat' dir='ltr'>in</span> <span class='ocrx_word' id='word_1_35' title='bbox 818 742 926 795; x_wconf 80' lang='lat' dir='ltr'>tabulae</span> <span class='ocrx_word' id='word_1_36' title='bbox 943 743 1091 811; x_wconf 77' lang='lat' dir='ltr'>morpinern</span> <span class='ocrx_word' id='word_1_37' title='bbox 1109 743 1179 796; x_wconf 78' lang='lat' dir='ltr'>binis</span> <span class='ocrx_word' id='word_1_38' title='bbox 1196 744 1237 796; x_wconf 83' lang='lat' dir='ltr'>nel</span> <span class='ocrx_word' id='word_1_39' title='bbox 1249 745 1331 798; x_wconf 77' lang='lat' dir='ltr'>tane</span> <span class='ocrx_word' id='word_1_40' title='bbox 1350 745 1391 797; x_wconf 80' lang='lat' dir='ltr'>lit·</span> 
     </span>
     <span class='ocr_line' id='line_1_5' title="bbox 212 828 1394 898; baseline 0 -14"><span class='ocrx_word' id='word_1_41' title='bbox 212 832 274 884; x_wconf 82' lang='lat' dir='ltr'>tern&#39;s</span> <span class='ocrx_word' id='word_1_42' title='bbox 293 831 463 898; x_wconf 74' lang='lat' dir='ltr'><em>promineat,</em></span> <span class='ocrx_word' id='word_1_43' title='bbox 491 829 539 896; x_wconf 81' lang='lat' dir='ltr'>qni</span> <span class='ocrx_word' id='word_1_44' title='bbox 560 828 695 882; x_wconf 80' lang='lat' dir='ltr'>scribendi</span> <span class='ocrx_word' id='word_1_45' title='bbox 718 829 813 882; x_wconf 82' lang='lat' dir='ltr'>modas</span> <span class='ocrx_word' id='word_1_46' title='bbox 835 829 896 882; x_wconf 79' lang='lat' dir='ltr'>inde</span> <span class='ocrx_word' id='word_1_47' title='bbox 921 829 955 882; x_wconf 86' lang='lat' dir='ltr'>ob</span> <span class='ocrx_word' id='word_1_48' title='bbox 979 829 1030 882; x_wconf 80' lang='lat' dir='ltr'>nlla</span> <span class='ocrx_word' id='word_1_49' title='bbox 1048 835 1134 884; x_wconf 81' lang='lat' dir='ltr'>aetate</span> <span class='ocrx_word' id='word_1_50' title='bbox 1150 831 1180 883; x_wconf 79' lang='lat' dir='ltr'>in</span> <span class='ocrx_word' id='word_1_51' title='bbox 1199 831 1320 884; x_wconf 79' lang='lat' dir='ltr'>omnebus</span> <span class='ocrx_word' id='word_1_52' title='bbox 1333 831 1394 898; x_wconf 84' lang='lat' dir='ltr'>fere</span> 
     </span>
     <span class='ocr_line' id='line_1_6' title="bbox 212 915 1351 986; baseline 0 -14"><span class='ocrx_word' id='word_1_53' title='bbox 212 918 397 972; x_wconf 83' lang='lat' dir='ltr'>Ronmnornm</span> <span class='ocrx_word' id='word_1_54' title='bbox 415 916 515 984; x_wconf 82' lang='lat' dir='ltr'>lepibns</span> <span class='ocrx_word' id='word_1_55' title='bbox 534 915 687 968; x_wconf 80' lang='lat' dir='ltr'>observatas</span> <span class='ocrx_word' id='word_1_56' title='bbox 706 921 751 969; x_wconf 82' lang='lat' dir='ltr'>eat.</span> <span class='ocrx_word' id='word_1_57' title='bbox 790 916 887 984; x_wconf 83' lang='lat' dir='ltr'>Capito</span> <span class='ocrx_word' id='word_1_58' title='bbox 904 917 934 969; x_wconf 82' lang='lat' dir='ltr'>n&#39;n</span> <span class='ocrx_word' id='word_1_59' title='bbox 952 915 1003 970; x_wconf 76' lang='lat' dir='ltr'>rae</span> <span class='ocrx_word' id='word_1_60' title='bbox 1021 917 1076 986; x_wconf 81' lang='lat' dir='ltr'>lepe</span> <span class='ocrx_word' id='word_1_61' title='bbox 1094 933 1149 972; x_wconf 91' lang='lat' dir='ltr'>non</span> <span class='ocrx_word' id='word_1_62' title='bbox 1167 925 1351 972; x_wconf 76' lang='lat' dir='ltr'><em>numerantur.</em></span> 
     </span>
    </p>
   </div>
   <div class='ocr_carea' id='block_1_3' title="bbox 211 1090 1446 4526">
    <p class='ocr_par' dir='ltr' id='par_1_3' title="bbox 211 1090 1425 1909">
     <span class='ocr_line' id='line_1_7' title="bbox 215 1090 1392 1178; baseline 0.001 -21"><span class='ocrx_word' id='word_1_63' title='bbox 215 1091 316 1178; x_wconf 83' lang='lat' dir='ltr'>(Vl&#39;Il</span> <span class='ocrx_word' id='word_1_64' title='bbox 340 1093 378 1156; x_wconf 91' lang='lat' dir='ltr'>de</span> <span class='ocrx_word' id='word_1_65' title='bbox 401 1090 462 1155; x_wconf 88' lang='lat' dir='ltr'>XX</span> <span class='ocrx_word' id='word_1_66' title='bbox 485 1091 746 1174; x_wconf 89' lang='lat' dir='ltr'>q(uaestoribus).</span> <span class='ocrx_word' id='word_1_67' title='bbox 771 1091 841 1176; x_wconf 71' lang='grc' dir='ltr'>ω)</span> <span class='ocrx_word' id='word_1_68' title='bbox 896 1143 1392 1159; x_wconf 91' lang='grc'><strong>..........</strong></span> 
     </span>
     <span class='ocr_line' id='line_1_8' title="bbox 214 1196 1261 1284; baseline 0.003 -24"><span class='ocrx_word' id='word_1_69' title='bbox 214 1196 428 1282; x_wconf 69' lang='lat' dir='ltr'>{principium</span> <span class='ocrx_word' id='word_1_70' title='bbox 451 1197 525 1274; x_wconf 89' lang='lat' dir='ltr'>fuit,</span> <span class='ocrx_word' id='word_1_71' title='bbox 550 1219 607 1281; x_wconf 91' lang='lat' dir='ltr'>pro</span> <span class='ocrx_word' id='word_1_72' title='bbox 632 1197 744 1281; x_wconf 89' lang='lat' dir='ltr'>tribu(</span> <span class='ocrx_word' id='word_1_73' title='bbox 777 1247 784 1262; x_wconf 91' lang='lat'><strong>.</strong></span> <span class='ocrx_word' id='word_1_74' title='bbox 831 1250 837 1262; x_wconf 91' lang='lat'><strong><em>.</em></strong></span> <span class='ocrx_word' id='word_1_75' title='bbox 887 1247 894 1261; x_wconf 85' lang='lat'><strong>.</strong></span> <span class='ocrx_word' id='word_1_76' title='bbox 943 1249 948 1261; x_wconf 96' lang='lat'><strong>.</strong></span> <span class='ocrx_word' id='word_1_77' title='bbox 996 1196 1136 1284; x_wconf 82' lang='lat' dir='ltr'>[primns</span> <span class='ocrx_word' id='word_1_78' title='bbox 1157 1199 1261 1284; x_wconf 81' lang='lat' dir='ltr'>scirit]</span> 
     </span>
     <span class='ocr_line' id='line_1_9' title="bbox 214 1296 1425 1387; baseline -0.002 -23"><span class='ocrx_word' id='word_1_79' title='bbox 214 1301 260 1386; x_wconf 93' lang='lat'>(¹)</span> <span class='ocrx_word' id='word_1_80' title='bbox 295 1348 483 1366; x_wconf 89' lang='grc'><strong>........</strong></span> <span class='ocrx_word' id='word_1_81' title='bbox 520 1296 589 1385; x_wconf 85' lang='lat' dir='ltr'>[od]</span> <span class='ocrx_word' id='word_1_82' title='bbox 628 1301 856 1384; x_wconf 84' lang='lat' dir='ltr'>q(uaestorem)</span> <span class='ocrx_word' id='word_1_83' title='bbox 892 1303 1097 1382; x_wconf 87' lang='lat' dir='ltr'>urb(auum)‚</span> <span class='ocrx_word' id='word_1_84' title='bbox 1130 1304 1203 1387; x_wconf 89' lang='lat' dir='ltr'>quei</span> <span class='ocrx_word' id='word_1_85' title='bbox 1237 1304 1394 1370; x_wconf 90' lang='lat' dir='ltr'>aerarium</span> <span class='ocrx_word' id='word_1_86' title='bbox 1407 1310 1425 1362; x_wconf 87' lang='grc' dir='ltr'>Ι.</span> 
     </span>
     <span class='ocr_line' id='line_1_10' title="bbox 213 1405 1395 1494; baseline 0.003 -24"><span class='ocrx_word' id='word_1_87' title='bbox 213 1405 409 1490; x_wconf 86' lang='lat' dir='ltr'>provinciam</span> <span class='ocrx_word' id='word_1_88' title='bbox 444 1405 619 1488; x_wconf 88' lang='lat' dir='ltr'>optinebit,</span> <span class='ocrx_word' id='word_1_89' title='bbox 653 1427 722 1470; x_wconf 91' lang='lat' dir='ltr'>eam</span> <span class='ocrx_word' id='word_1_90' title='bbox 756 1407 804 1488; x_wconf 89' lang='lat'>(¹)</span> <span class='ocrx_word' id='word_1_91' title='bbox 825 1408 1004 1478; x_wconf 72' lang='lat' dir='ltr'>‘usercedem</span> <span class='ocrx_word' id='word_1_92' title='bbox 1028 1407 1160 1486; x_wconf 82' lang='lat' dir='ltr'>deserto,</span> <span class='ocrx_word' id='word_1_93' title='bbox 1185 1413 1395 1494; x_wconf 76' lang='lat' dir='ltr'>quaestorque</span> 
     </span>
     <span class='ocr_line' id='line_1_11' title="bbox 214 1509 1394 1596; baseline 0.001 -21"><span class='ocrx_word' id='word_1_94' title='bbox 214 1511 287 1594; x_wconf 90' lang='lat' dir='ltr'>quei</span> <span class='ocrx_word' id='word_1_95' title='bbox 311 1511 469 1574; x_wconf 88' lang='lat' dir='ltr'>aerarium</span> <span class='ocrx_word' id='word_1_96' title='bbox 494 1509 692 1592; x_wconf 84' lang='lat' dir='ltr'>provinciam</span> <span class='ocrx_word' id='word_1_97' title='bbox 717 1510 764 1592; x_wconf 92' lang='grc'>(1)</span> <span class='ocrx_word' id='word_1_98' title='bbox 789 1512 955 1594; x_wconf 71' lang='lat' dir='ltr'>optinebit,</span> <span class='ocrx_word' id='word_1_99' title='bbox 979 1534 1048 1576; x_wconf 89' lang='lat' dir='ltr'>eam</span> <span class='ocrx_word' id='word_1_100' title='bbox 1069 1513 1242 1596; x_wconf 89' lang='lat' dir='ltr'>pequniam</span> <span class='ocrx_word' id='word_1_101' title='bbox 1265 1513 1294 1578; x_wconf 89' lang='lat' dir='ltr'>ei</span> <span class='ocrx_word' id='word_1_102' title='bbox 1317 1515 1394 1578; x_wconf 89' lang='lat' dir='ltr'>sori-</span> 
     </span>
     <span class='ocr_line' id='line_1_12' title="bbox 212 1613 1396 1700; baseline 0.002 -20"><span class='ocrx_word' id='word_1_103' title='bbox 212 1617 271 1680; x_wconf 88' lang='lat' dir='ltr'>bae</span> <span class='ocrx_word' id='word_1_104' title='bbox 294 1615 488 1699; x_wconf 83' lang='lat' dir='ltr'>scribsisque</span> <span class='ocrx_word' id='word_1_105' title='bbox 521 1614 670 1678; x_wconf 86' lang='lat' dir='ltr'>beredive</span> <span class='ocrx_word' id='word_1_106' title='bbox 695 1613 744 1699; x_wconf 82' lang='grc'>(1)</span> <span class='ocrx_word' id='word_1_107' title='bbox 769 1617 834 1680; x_wconf 91' lang='lat' dir='ltr'>eius</span> <span class='ocrx_word' id='word_1_108' title='bbox 858 1617 991 1694; x_wconf 85' lang='lat' dir='ltr'>solvito,</span> <span class='ocrx_word' id='word_1_109' title='bbox 1023 1617 1120 1700; x_wconf 87' lang='lat' dir='ltr'>idque</span> <span class='ocrx_word' id='word_1_110' title='bbox 1143 1617 1172 1680; x_wconf 89' lang='lat' dir='ltr'>ei</span> <span class='ocrx_word' id='word_1_111' title='bbox 1195 1617 1262 1683; x_wconf 91' lang='lat' dir='ltr'>sine</span> <span class='ocrx_word' id='word_1_112' title='bbox 1285 1619 1396 1683; x_wconf 87' lang='lat' dir='ltr'>fraude</span> 
     </span>
     <span class='ocr_line' id='line_1_13' title="bbox 212 1719 1395 1808; baseline 0.004 -25"><span class='ocrx_word' id='word_1_113' title='bbox 212 1743 269 1784; x_wconf 89' lang='lat' dir='ltr'>sua</span> <span class='ocrx_word' id='word_1_114' title='bbox 292 1719 396 1784; x_wconf 85' lang='lat' dir='ltr'>facere</span> <span class='ocrx_word' id='word_1_115' title='bbox 419 1719 530 1798; x_wconf 88' lang='lat' dir='ltr'>lieet0‚</span> <span class='ocrx_word' id='word_1_116' title='bbox 566 1721 649 1804; x_wconf 91' lang='lat' dir='ltr'>quod</span> <span class='ocrx_word' id='word_1_117' title='bbox 681 1719 730 1804; x_wconf 91' lang='grc'>(1)</span> <span class='ocrx_word' id='word_1_118' title='bbox 755 1721 823 1785; x_wconf 90' lang='lat' dir='ltr'>sine</span> <span class='ocrx_word' id='word_1_119' title='bbox 846 1721 931 1786; x_wconf 89' lang='lat' dir='ltr'>malo</span> <span class='ocrx_word' id='word_1_120' title='bbox 954 1723 1130 1806; x_wconf 89' lang='lat' dir='ltr'>pequlatuu</span> <span class='ocrx_word' id='word_1_121' title='bbox 1153 1722 1220 1799; x_wconf 89' lang='lat' dir='ltr'>fiat,</span> <span class='ocrx_word' id='word_1_122' title='bbox 1244 1723 1395 1808; x_wconf 91' lang='lat' dir='ltr'>olleisque</span> 
     </span>
     <span class='ocr_line' id='line_1_14' title="bbox 211 1823 1087 1909; baseline 0.007 -22"><span class='ocrx_word' id='word_1_123' title='bbox 211 1823 394 1888; x_wconf 89' lang='lat' dir='ltr'>hominibus</span> <span class='ocrx_word' id='word_1_124' title='bbox 418 1847 487 1888; x_wconf 89' lang='lat' dir='ltr'>eam</span> <span class='ocrx_word' id='word_1_125' title='bbox 512 1825 559 1905; x_wconf 87' lang='grc'>(1)</span> <span class='ocrx_word' id='word_1_126' title='bbox 583 1825 756 1909; x_wconf 90' lang='lat' dir='ltr'>pequniam</span> <span class='ocrx_word' id='word_1_127' title='bbox 780 1846 892 1908; x_wconf 81' lang='lat' dir='ltr'><em>capere</em></span> <span class='ocrx_word' id='word_1_128' title='bbox 916 1827 1018 1892; x_wconf 78' lang='lat' dir='ltr'>liceto</span> <span class='ocrx_word' id='word_1_129' title='bbox 1041 1847 1087 1893; x_wconf 72' lang='grc' dir='ltr'>Ν</span> 
     </span>
    </p>

    <p class='ocr_par' dir='ltr' id='par_1_4' title="bbox 212 1915 1446 4526">
     <span class='ocr_line' id='line_1_15' title="bbox 254 1915 1395 2016; baseline 0.003 -23"><span class='ocrx_word' id='word_1_130' title='bbox 254 1967 262 1974; x_wconf 95' lang='grc'>-</span> <span class='ocrx_word' id='word_1_131' title='bbox 300 1931 348 2015; x_wconf 85' lang='grc'>(1)</span> <span class='ocrx_word' id='word_1_132' title='bbox 373 1927 584 2014; x_wconf 80' lang='lat' dir='ltr'>Co(n)s(ules)</span> <span class='ocrx_word' id='word_1_133' title='bbox 601 1915 684 2013; x_wconf 72' lang='lat' dir='ltr'>&#39;quei</span> <span class='ocrx_word' id='word_1_134' title='bbox 706 1952 790 1994; x_wconf 89' lang='lat' dir='ltr'>nuno</span> <span class='ocrx_word' id='word_1_135' title='bbox 806 1935 889 2007; x_wconf 88' lang='lat' dir='ltr'>sunt,</span> <span class='ocrx_word' id='word_1_136' title='bbox 914 1932 955 1996; x_wconf 92' lang='lat' dir='ltr'>iei</span> <span class='ocrx_word' id='word_1_137' title='bbox 972 1937 1046 1996; x_wconf 88' lang='lat' dir='ltr'>ante</span> <span class='ocrx_word' id='word_1_138' title='bbox 1061 1932 1092 1996; x_wconf 83' lang='lat' dir='ltr'>k.</span> <span class='ocrx_word' id='word_1_139' title='bbox 1112 1932 1314 1996; x_wconf 87' lang='lat' dir='ltr'>Decembreis</span> <span class='ocrx_word' id='word_1_140' title='bbox 1329 1935 1395 2016; x_wconf 91' lang='lat' dir='ltr'>pri·</span> 
     </span>
     <span class='ocr_line' id='line_1_16' title="bbox 212 2032 1395 2118; baseline 0.001 -19"><span class='ocrx_word' id='word_1_141' title='bbox 212 2057 279 2099; x_wconf 90' lang='lat' dir='ltr'>mas</span> <span class='ocrx_word' id='word_1_142' title='bbox 309 2036 346 2100; x_wconf 87' lang='lat' dir='ltr'>de</span> <span class='ocrx_word' id='word_1_143' title='bbox 369 2035 429 2112; x_wconf 90' lang='lat' dir='ltr'>eis,</span> <span class='ocrx_word' id='word_1_144' title='bbox 465 2034 538 2118; x_wconf 89' lang='lat' dir='ltr'>quei</span> <span class='ocrx_word' id='word_1_145' title='bbox 571 2036 617 2116; x_wconf 85' lang='grc'>(1)</span> <span class='ocrx_word' id='word_1_146' title='bbox 642 2035 724 2098; x_wconf 90' lang='lat' dir='ltr'>cives</span> <span class='ocrx_word' id='word_1_147' title='bbox 748 2032 903 2098; x_wconf 82' lang='lat' dir='ltr'>Romanei</span> <span class='ocrx_word' id='word_1_148' title='bbox 927 2041 1020 2114; x_wconf 89' lang='lat' dir='ltr'>sunt,</span> <span class='ocrx_word' id='word_1_149' title='bbox 1049 2037 1202 2100; x_wconf 88' lang='lat' dir='ltr'>viatorem</span> <span class='ocrx_word' id='word_1_150' title='bbox 1227 2059 1327 2100; x_wconf 91' lang='lat' dir='ltr'>unum</span> <span class='ocrx_word' id='word_1_151' title='bbox 1350 2037 1395 2100; x_wconf 89' lang='lat' dir='ltr'>le·</span> 
     </span>
     <span class='ocr_line' id='line_1_17' title="bbox 213 2138 1396 2224; baseline 0.002 -22"><span class='ocrx_word' id='word_1_152' title='bbox 213 2145 326 2224; x_wconf 79' lang='lat' dir='ltr'>gnata,</span> <span class='ocrx_word' id='word_1_153' title='bbox 357 2139 430 2222; x_wconf 90' lang='lat' dir='ltr'>quei</span> <span class='ocrx_word' id='word_1_154' title='bbox 453 2141 487 2202; x_wconf 90' lang='lat' dir='ltr'>in</span> <span class='ocrx_word' id='word_1_155' title='bbox 513 2138 561 2220; x_wconf 89' lang='grc'>(1)</span> <span class='ocrx_word' id='word_1_156' title='bbox 586 2161 622 2202; x_wconf 90' lang='lat' dir='ltr'>ea</span> <span class='ocrx_word' id='word_1_157' title='bbox 645 2139 773 2202; x_wconf 88' lang='lat' dir='ltr'>decuria</span> <span class='ocrx_word' id='word_1_158' title='bbox 795 2141 899 2202; x_wconf 88' lang='lat' dir='ltr'>viator</span> <span class='ocrx_word' id='word_1_159' title='bbox 923 2145 1084 2223; x_wconf 88' lang='lat' dir='ltr'>appareat,</span> <span class='ocrx_word' id='word_1_160' title='bbox 1116 2163 1211 2224; x_wconf 88' lang='lat' dir='ltr'>quam</span> <span class='ocrx_word' id='word_1_161' title='bbox 1236 2141 1396 2206; x_wconf 88' lang='lat' dir='ltr'>decuriam</span> 
     </span>
     <span class='ocr_line' id='line_1_18' title="bbox 213 2226 1396 2328; baseline 0.001 -21"><span class='ocrx_word' id='word_1_162' title='bbox 213 2245 372 2308; x_wconf 88' lang='lat' dir='ltr'>viatorum</span> <span class='ocrx_word' id='word_1_163' title='bbox 410 2226 486 2324; x_wconf 89' lang='lat'>(¹⁰)</span> <span class='ocrx_word' id='word_1_164' title='bbox 505 2265 544 2306; x_wconf 88' lang='lat' dir='ltr'>ex</span> <span class='ocrx_word' id='word_1_165' title='bbox 566 2244 677 2307; x_wconf 90' lang='lat' dir='ltr'>noneis</span> <span class='ocrx_word' id='word_1_166' title='bbox 701 2241 930 2308; x_wconf 85' lang='lat' dir='ltr'>Decembribus</span> <span class='ocrx_word' id='word_1_167' title='bbox 956 2243 1087 2327; x_wconf 89' lang='lat' dir='ltr'>primeis</span> <span class='ocrx_word' id='word_1_168' title='bbox 1110 2245 1333 2328; x_wconf 84' lang='lat' dir='ltr'>quaestoribus</span> <span class='ocrx_word' id='word_1_169' title='bbox 1357 2245 1396 2308; x_wconf 90' lang='lat' dir='ltr'>ad</span> 
     </span>
     <span class='ocr_line' id='line_1_19' title="bbox 213 2347 1425 2434; baseline -0.002 -20"><span class='ocrx_word' id='word_1_170' title='bbox 213 2352 370 2414; x_wconf 88' lang='lat' dir='ltr'>aerarium</span> <span class='ocrx_word' id='word_1_171' title='bbox 398 2351 426 2431; x_wconf 98' lang='lat'>(¹</span> <span class='ocrx_word' id='word_1_172' title='bbox 440 2348 469 2433; x_wconf 95' lang='lat'>¹)</span> <span class='ocrx_word' id='word_1_173' title='bbox 493 2371 647 2434; x_wconf 90' lang='lat' dir='ltr'>apparere</span> <span class='ocrx_word' id='word_1_174' title='bbox 671 2353 798 2432; x_wconf 86' lang='lat' dir='ltr'>oportet</span> <span class='ocrx_word' id='word_1_175' title='bbox 821 2348 990 2432; x_wconf 84' lang='lat' dir='ltr'>oportebit.</span> <span class='ocrx_word' id='word_1_176' title='bbox 1038 2347 1213 2431; x_wconf 82' lang='lat' dir='ltr'>Eidemque</span> <span class='ocrx_word' id='word_1_177' title='bbox 1235 2371 1297 2413; x_wconf 84' lang='lat' dir='ltr'>eos.</span> <span class='ocrx_word' id='word_1_178' title='bbox 1322 2354 1425 2418; x_wconf 41' lang='lat' dir='ltr'>antes,</span> 
     </span>
     <span class='ocr_line' id='line_1_20' title="bbox 213 2437 1395 2537; baseline 0 -20"><span class='ocrx_word' id='word_1_179' title='bbox 213 2455 244 2518; x_wconf 83' lang='lat' dir='ltr'>k.</span> <span class='ocrx_word' id='word_1_180' title='bbox 268 2453 433 2517; x_wconf 91' lang='lat' dir='ltr'>Decembr.</span> <span class='ocrx_word' id='word_1_181' title='bbox 461 2453 489 2535; x_wconf 94' lang='lat'>(¹</span> <span class='ocrx_word' id='word_1_182' title='bbox 502 2455 534 2535; x_wconf 88' lang='grc'>1)</span> <span class='ocrx_word' id='word_1_183' title='bbox 558 2455 678 2537; x_wconf 90' lang='lat' dir='ltr'>primas</span> <span class='ocrx_word' id='word_1_184' title='bbox 702 2453 742 2517; x_wconf 92' lang='lat' dir='ltr'>de</span> <span class='ocrx_word' id='word_1_185' title='bbox 763 2453 817 2530; x_wconf 86' lang='lat' dir='ltr'>eis,</span> <span class='ocrx_word' id='word_1_186' title='bbox 842 2453 914 2534; x_wconf 91' lang='lat' dir='ltr'>quei</span> <span class='ocrx_word' id='word_1_187' title='bbox 932 2452 1015 2516; x_wconf 87' lang='lat' dir='ltr'>cives</span> <span class='ocrx_word' id='word_1_188' title='bbox 1032 2451 1185 2516; x_wconf 87' lang='lat' dir='ltr'>Romanei</span> <span class='ocrx_word' id='word_1_189' title='bbox 1202 2437 1285 2531; x_wconf 88' lang='lat' dir='ltr'>sunt,</span> <span class='ocrx_word' id='word_1_190' title='bbox 1303 2477 1395 2537; x_wconf 90' lang='lat' dir='ltr'>prae-</span> 
     </span>
     <span class='ocr_line' id='line_1_21' title="bbox 213 2556 1446 2644; baseline 0 -22"><span class='ocrx_word' id='word_1_191' title='bbox 213 2579 321 2624; x_wconf 88' lang='lat' dir='ltr'>conem</span> <span class='ocrx_word' id='word_1_192' title='bbox 346 2581 443 2622; x_wconf 81' lang='lat' dir='ltr'>unuin</span> <span class='ocrx_word' id='word_1_193' title='bbox 470 2559 540 2640; x_wconf 90' lang='grc'>(11)</span> <span class='ocrx_word' id='word_1_194' title='bbox 566 2559 708 2644; x_wconf 84' lang='lat' dir='ltr'>legunto,</span> <span class='ocrx_word' id='word_1_195' title='bbox 733 2557 804 2641; x_wconf 90' lang='lat' dir='ltr'>quei</span> <span class='ocrx_word' id='word_1_196' title='bbox 829 2556 862 2619; x_wconf 86' lang='lat' dir='ltr'>in</span> <span class='ocrx_word' id='word_1_197' title='bbox 885 2578 922 2620; x_wconf 89' lang='lat' dir='ltr'>ea</span> <span class='ocrx_word' id='word_1_198' title='bbox 945 2557 1072 2620; x_wconf 87' lang='lat' dir='ltr'>decuria</span> <span class='ocrx_word' id='word_1_199' title='bbox 1096 2579 1208 2640; x_wconf 91' lang='lat' dir='ltr'>praeco</span> <span class='ocrx_word' id='word_1_200' title='bbox 1232 2564 1396 2642; x_wconf 81' lang='lat' dir='ltr'>appareat,</span> <span class='ocrx_word' id='word_1_201' title='bbox 1435 2593 1446 2644; x_wconf 56' lang='lat' dir='ltr'>k</span> 
     </span>
     <span class='ocr_line' id='line_1_22' title="bbox 216 2661 1394 2746; baseline -0.001 -20"><span class='ocrx_word' id='word_1_202' title='bbox 216 2685 311 2746; x_wconf 86' lang='lat' dir='ltr'>quam</span> <span class='ocrx_word' id='word_1_203' title='bbox 335 2664 405 2745; x_wconf 82' lang='grc'>(11)</span> <span class='ocrx_word' id='word_1_204' title='bbox 430 2663 590 2726; x_wconf 89' lang='lat' dir='ltr'>decuriam</span> <span class='ocrx_word' id='word_1_205' title='bbox 612 2683 803 2746; x_wconf 89' lang='lat' dir='ltr'>praeconum</span> <span class='ocrx_word' id='word_1_206' title='bbox 828 2683 865 2724; x_wconf 88' lang='lat' dir='ltr'>ex</span> <span class='ocrx_word' id='word_1_207' title='bbox 882 2661 992 2726; x_wconf 89' lang='lat' dir='ltr'>noneis</span> <span class='ocrx_word' id='word_1_208' title='bbox 1010 2661 1238 2726; x_wconf 85' lang='lat' dir='ltr'>Decembribus</span> <span class='ocrx_word' id='word_1_209' title='bbox 1263 2663 1394 2746; x_wconf 88' lang='lat' dir='ltr'>primeis</span> 
     </span>
     <span class='ocr_line' id='line_1_23' title="bbox 214 2766 1396 2850; baseline 0.003 -21"><span class='ocrx_word' id='word_1_210' title='bbox 214 2767 284 2848; x_wconf 82' lang='lat'>(¹⁵)</span> <span class='ocrx_word' id='word_1_211' title='bbox 309 2767 532 2850; x_wconf 87' lang='lat' dir='ltr'>quaestoribus</span> <span class='ocrx_word' id='word_1_212' title='bbox 556 2769 595 2830; x_wconf 89' lang='lat' dir='ltr'>ad</span> <span class='ocrx_word' id='word_1_213' title='bbox 613 2768 771 2831; x_wconf 87' lang='lat' dir='ltr'>aerarium</span> <span class='ocrx_word' id='word_1_214' title='bbox 794 2789 948 2850; x_wconf 87' lang='lat' dir='ltr'>apparere</span> <span class='ocrx_word' id='word_1_215' title='bbox 969 2766 1137 2850; x_wconf 89' lang='lat' dir='ltr'>oportebit.</span> <span class='ocrx_word' id='word_1_216' title='bbox 1186 2769 1214 2850; x_wconf 87' lang='lat'>(¹</span> <span class='ocrx_word' id='word_1_217' title='bbox 1227 2769 1257 2850; x_wconf 85' lang='grc'>1)</span> <span class='ocrx_word' id='word_1_218' title='bbox 1275 2768 1396 2832; x_wconf 85' lang='lat' dir='ltr'>Deinde</span> 
     </span>
     <span class='ocr_line' id='line_1_24' title="bbox 213 2872 1397 2957; baseline -0.001 -21"><span class='ocrx_word' id='word_1_219' title='bbox 213 2872 313 2936; x_wconf 89' lang='lat' dir='ltr'>eidem</span> <span class='ocrx_word' id='word_1_220' title='bbox 337 2872 510 2953; x_wconf 88' lang='lat' dir='ltr'>consul(es)</span> <span class='ocrx_word' id='word_1_221' title='bbox 537 2877 611 2936; x_wconf 90' lang='lat' dir='ltr'>ante</span> <span class='ocrx_word' id='word_1_222' title='bbox 635 2873 667 2936; x_wconf 89' lang='lat' dir='ltr'>k.</span> <span class='ocrx_word' id='word_1_223' title='bbox 685 2872 888 2936; x_wconf 89' lang='lat' dir='ltr'>Decembreis</span> <span class='ocrx_word' id='word_1_224' title='bbox 905 2872 1024 2954; x_wconf 89' lang='lat' dir='ltr'>primas</span> <span class='ocrx_word' id='word_1_225' title='bbox 1040 2873 1195 2937; x_wconf 86' lang='lat' dir='ltr'>viatorem</span> <span class='ocrx_word' id='word_1_226' title='bbox 1212 2872 1240 2957; x_wconf 88' lang='lat'>(¹</span> <span class='ocrx_word' id='word_1_227' title='bbox 1252 2875 1281 2955; x_wconf 84' lang='grc'>1)</span> <span class='ocrx_word' id='word_1_228' title='bbox 1300 2895 1397 2936; x_wconf 89' lang='lat' dir='ltr'>unum</span> 
     </span>
     <span class='ocr_line' id='line_1_25' title="bbox 213 2976 1394 3062; baseline -0.001 -21"><span class='ocrx_word' id='word_1_229' title='bbox 213 2977 355 3060; x_wconf 74' lang='lat' dir='ltr'>legunto,</span> <span class='ocrx_word' id='word_1_230' title='bbox 381 2976 453 3059; x_wconf 91' lang='lat' dir='ltr'>quei</span> <span class='ocrx_word' id='word_1_231' title='bbox 479 2977 512 3038; x_wconf 88' lang='lat' dir='ltr'>in</span> <span class='ocrx_word' id='word_1_232' title='bbox 537 2998 573 3039; x_wconf 90' lang='lat' dir='ltr'>ea</span> <span class='ocrx_word' id='word_1_233' title='bbox 589 2977 715 3040; x_wconf 86' lang='lat' dir='ltr'>decuria</span> <span class='ocrx_word' id='word_1_234' title='bbox 731 2979 835 3040; x_wconf 88' lang='lat' dir='ltr'>viator</span> <span class='ocrx_word' id='word_1_235' title='bbox 850 2981 1012 3060; x_wconf 82' lang='lat' dir='ltr'>appareat,</span> <span class='ocrx_word' id='word_1_236' title='bbox 1038 3000 1133 3062; x_wconf 90' lang='lat' dir='ltr'>quam</span> <span class='ocrx_word' id='word_1_237' title='bbox 1151 2979 1220 3060; x_wconf 87' lang='grc'>(11)</span> <span class='ocrx_word' id='word_1_238' title='bbox 1238 2978 1394 3040; x_wconf 84' lang='lat' dir='ltr'>decuriam</span> 
     </span>
     <span class='ocr_line' id='line_1_26' title="bbox 216 3080 1396 3167; baseline -0.001 -23"><span class='ocrx_word' id='word_1_239' title='bbox 216 3083 375 3147; x_wconf 85' lang='lat' dir='ltr'>viatorum</span> <span class='ocrx_word' id='word_1_240' title='bbox 402 3105 439 3144; x_wconf 87' lang='lat' dir='ltr'>ex</span> <span class='ocrx_word' id='word_1_241' title='bbox 464 3083 574 3145; x_wconf 85' lang='lat' dir='ltr'>noricis</span> <span class='ocrx_word' id='word_1_242' title='bbox 596 3080 826 3146; x_wconf 81' lang='lat' dir='ltr'>Decembribus</span> <span class='ocrx_word' id='word_1_243' title='bbox 851 3082 1014 3146; x_wconf 88' lang='lat' dir='ltr'>secundeis</span> <span class='ocrx_word' id='word_1_244' title='bbox 1030 3083 1102 3166; x_wconf 88' lang='grc'>(11)</span> <span class='ocrx_word' id='word_1_245' title='bbox 1120 3081 1342 3167; x_wconf 87' lang='lat' dir='ltr'>quaestoribus</span> <span class='ocrx_word' id='word_1_246' title='bbox 1358 3082 1396 3144; x_wconf 91' lang='lat' dir='ltr'>ad</span> 
     </span>
     <span class='ocr_line' id='line_1_27' title="bbox 214 3187 1398 3271; baseline -0.003 -19"><span class='ocrx_word' id='word_1_247' title='bbox 214 3189 372 3252; x_wconf 88' lang='lat' dir='ltr'>aerarium</span> <span class='ocrx_word' id='word_1_248' title='bbox 396 3209 553 3270; x_wconf 89' lang='lat' dir='ltr'>apparere</span> <span class='ocrx_word' id='word_1_249' title='bbox 577 3192 703 3270; x_wconf 89' lang='lat' dir='ltr'>oportet</span> <span class='ocrx_word' id='word_1_250' title='bbox 725 3187 897 3270; x_wconf 89' lang='lat' dir='ltr'>oportebit.</span> <span class='ocrx_word' id='word_1_251' title='bbox 945 3187 1013 3271; x_wconf 88' lang='grc'>(11)</span> <span class='ocrx_word' id='word_1_252' title='bbox 1039 3187 1214 3270; x_wconf 84' lang='lat' dir='ltr'>Eidemque</span> <span class='ocrx_word' id='word_1_253' title='bbox 1237 3207 1299 3249; x_wconf 82' lang='lat' dir='ltr'>coo.</span> <span class='ocrx_word' id='word_1_254' title='bbox 1324 3189 1398 3248; x_wconf 90' lang='lat' dir='ltr'>aute</span> 
     </span>
     <span class='ocr_line' id='line_1_28' title="bbox 214 3289 1398 3376; baseline -0.004 -20"><span class='ocrx_word' id='word_1_255' title='bbox 214 3293 244 3358; x_wconf 83' lang='lat' dir='ltr'>k.</span> <span class='ocrx_word' id='word_1_256' title='bbox 271 3293 470 3356; x_wconf 86' lang='lat' dir='ltr'>Decembreis</span> <span class='ocrx_word' id='word_1_257' title='bbox 503 3291 622 3374; x_wconf 88' lang='lat' dir='ltr'>primas</span> <span class='ocrx_word' id='word_1_258' title='bbox 654 3313 839 3373; x_wconf 88' lang='lat' dir='ltr'>praeconem</span> <span class='ocrx_word' id='word_1_259' title='bbox 869 3293 940 3375; x_wconf 87' lang='grc'>(11)</span> <span class='ocrx_word' id='word_1_260' title='bbox 964 3314 1064 3355; x_wconf 90' lang='lat' dir='ltr'>unum</span> <span class='ocrx_word' id='word_1_261' title='bbox 1087 3293 1235 3376; x_wconf 82' lang='lat' dir='ltr'>legunto,</span> <span class='ocrx_word' id='word_1_262' title='bbox 1269 3289 1342 3374; x_wconf 91' lang='lat' dir='ltr'>quei</span> <span class='ocrx_word' id='word_1_263' title='bbox 1364 3289 1398 3352; x_wconf 90' lang='lat' dir='ltr'>in</span> 
     </span>
     <span class='ocr_line' id='line_1_29' title="bbox 213 3396 1398 3481; baseline -0.004 -19"><span class='ocrx_word' id='word_1_264' title='bbox 213 3419 251 3462; x_wconf 90' lang='lat' dir='ltr'>ea</span> <span class='ocrx_word' id='word_1_265' title='bbox 273 3397 400 3462; x_wconf 89' lang='lat' dir='ltr'>decuria</span> <span class='ocrx_word' id='word_1_266' title='bbox 423 3417 537 3481; x_wconf 88' lang='lat' dir='ltr'>praeco</span> <span class='ocrx_word' id='word_1_267' title='bbox 562 3400 726 3478; x_wconf 86' lang='lat' dir='ltr'>appareat,</span> <span class='ocrx_word' id='word_1_268' title='bbox 751 3419 848 3479; x_wconf 88' lang='lat' dir='ltr'>quam</span> <span class='ocrx_word' id='word_1_269' title='bbox 874 3397 945 3478; x_wconf 88' lang='grc'>(11)</span> <span class='ocrx_word' id='word_1_270' title='bbox 969 3396 1129 3460; x_wconf 91' lang='lat' dir='ltr'>decuriam</span> <span class='ocrx_word' id='word_1_271' title='bbox 1152 3415 1344 3478; x_wconf 86' lang='lat' dir='ltr'>praeconum</span> <span class='ocrx_word' id='word_1_272' title='bbox 1360 3417 1398 3458; x_wconf 86' lang='lat' dir='ltr'>ex</span> 
     </span>
     <span class='ocr_line' id='line_1_30' title="bbox 212 3499 1398 3584; baseline -0.004 -18"><span class='ocrx_word' id='word_1_273' title='bbox 212 3503 323 3566; x_wconf 90' lang='lat' dir='ltr'>noneis</span> <span class='ocrx_word' id='word_1_274' title='bbox 356 3500 584 3566; x_wconf 88' lang='lat' dir='ltr'>Decembribus</span> <span class='ocrx_word' id='word_1_275' title='bbox 617 3499 778 3564; x_wconf 88' lang='lat' dir='ltr'>seeundeis</span> <span class='ocrx_word' id='word_1_276' title='bbox 815 3502 883 3584; x_wconf 90' lang='grc'>(11)</span> <span class='ocrx_word' id='word_1_277' title='bbox 915 3499 1138 3584; x_wconf 87' lang='lat' dir='ltr'>quaestoribus</span> <span class='ocrx_word' id='word_1_278' title='bbox 1169 3500 1209 3562; x_wconf 85' lang='lat' dir='ltr'>ad</span> <span class='ocrx_word' id='word_1_279' title='bbox 1238 3499 1398 3563; x_wconf 87' lang='lat' dir='ltr'>aerarium</span> 
     </span>
     <span class='ocr_line' id='line_1_31' title="bbox 214 3601 1396 3692; baseline -0.007 -19"><span class='ocrx_word' id='word_1_280' title='bbox 214 3631 365 3692; x_wconf 87' lang='lat' dir='ltr'>apparere</span> <span class='ocrx_word' id='word_1_281' title='bbox 389 3611 518 3690; x_wconf 86' lang='lat' dir='ltr'>oportet</span> <span class='ocrx_word' id='word_1_282' title='bbox 541 3604 709 3687; x_wconf 90' lang='lat' dir='ltr'>oportebit.</span> <span class='ocrx_word' id='word_1_283' title='bbox 758 3604 826 3690; x_wconf 78' lang='grc'>(11)</span> <span class='ocrx_word' id='word_1_284' title='bbox 851 3603 973 3668; x_wconf 90' lang='lat' dir='ltr'>Deinde</span> <span class='ocrx_word' id='word_1_285' title='bbox 995 3605 1096 3668; x_wconf 88' lang='lat' dir='ltr'>eidem</span> <span class='ocrx_word' id='word_1_286' title='bbox 1112 3625 1175 3668; x_wconf 79' lang='lat' dir='ltr'>coe.</span> <span class='ocrx_word' id='word_1_287' title='bbox 1193 3608 1267 3667; x_wconf 89' lang='lat' dir='ltr'>ante</span> <span class='ocrx_word' id='word_1_288' title='bbox 1283 3603 1314 3666; x_wconf 84' lang='lat' dir='ltr'>k.</span> <span class='ocrx_word' id='word_1_289' title='bbox 1331 3601 1396 3666; x_wconf 91' lang='lat' dir='ltr'>De-</span> 
     </span>
     <span class='ocr_line' id='line_1_32' title="bbox 213 3709 1397 3795; baseline -0.002 -19"><span class='ocrx_word' id='word_1_290' title='bbox 213 3712 365 3776; x_wconf 89' lang='lat' dir='ltr'>cembreis</span> <span class='ocrx_word' id='word_1_291' title='bbox 398 3712 517 3794; x_wconf 88' lang='lat' dir='ltr'>primas</span> <span class='ocrx_word' id='word_1_292' title='bbox 546 3709 700 3774; x_wconf 84' lang='lat' dir='ltr'>viatorem</span> <span class='ocrx_word' id='word_1_293' title='bbox 727 3709 798 3795; x_wconf 92' lang='grc'>(11)</span> <span class='ocrx_word' id='word_1_294' title='bbox 825 3733 922 3774; x_wconf 89' lang='lat' dir='ltr'>unum</span> <span class='ocrx_word' id='word_1_295' title='bbox 946 3711 1093 3795; x_wconf 85' lang='lat' dir='ltr'>legunto,</span> <span class='ocrx_word' id='word_1_296' title='bbox 1128 3711 1201 3794; x_wconf 91' lang='lat' dir='ltr'>quei</span> <span class='ocrx_word' id='word_1_297' title='bbox 1224 3709 1257 3772; x_wconf 89' lang='lat' dir='ltr'>in</span> <span class='ocrx_word' id='word_1_298' title='bbox 1283 3731 1320 3774; x_wconf 88' lang='lat' dir='ltr'>ea</span> <span class='ocrx_word' id='word_1_299' title='bbox 1344 3709 1397 3774; x_wconf 89' lang='lat' dir='ltr'>de·</span> 
     </span>
     <span class='ocr_line' id='line_1_33' title="bbox 213 3813 1397 3898; baseline -0.002 -18"><span class='ocrx_word' id='word_1_300' title='bbox 213 3817 301 3880; x_wconf 89' lang='lat' dir='ltr'>curia</span> <span class='ocrx_word' id='word_1_301' title='bbox 324 3817 430 3880; x_wconf 88' lang='lat' dir='ltr'>viator</span> <span class='ocrx_word' id='word_1_302' title='bbox 454 3817 616 3898; x_wconf 87' lang='lat' dir='ltr'>appareat,</span> <span class='ocrx_word' id='word_1_303' title='bbox 641 3813 711 3898; x_wconf 88' lang='grc'>(11)</span> <span class='ocrx_word' id='word_1_304' title='bbox 737 3837 833 3898; x_wconf 89' lang='lat' dir='ltr'>quam</span> <span class='ocrx_word' id='word_1_305' title='bbox 857 3815 1017 3880; x_wconf 90' lang='lat' dir='ltr'>decuriam</span> <span class='ocrx_word' id='word_1_306' title='bbox 1041 3813 1201 3878; x_wconf 84' lang='lat' dir='ltr'>viatorum</span> <span class='ocrx_word' id='word_1_307' title='bbox 1225 3836 1263 3877; x_wconf 88' lang='lat' dir='ltr'>ex</span> <span class='ocrx_word' id='word_1_308' title='bbox 1287 3814 1397 3878; x_wconf 90' lang='lat' dir='ltr'>noneis</span> 
     </span>
     <span class='ocr_line' id='line_1_34' title="bbox 214 3917 1399 4003; baseline -0.002 -19"><span class='ocrx_word' id='word_1_309' title='bbox 214 3919 443 3985; x_wconf 83' lang='lat' dir='ltr'>Decembribus</span> <span class='ocrx_word' id='word_1_310' title='bbox 476 3919 598 3983; x_wconf 90' lang='lat' dir='ltr'>tertieis</span> <span class='ocrx_word' id='word_1_311' title='bbox 632 3917 701 4003; x_wconf 84' lang='grc'>(11)</span> <span class='ocrx_word' id='word_1_312' title='bbox 735 3919 956 4002; x_wconf 88' lang='lat' dir='ltr'>quaestoribus</span> <span class='ocrx_word' id='word_1_313' title='bbox 987 3921 1026 3984; x_wconf 85' lang='lat' dir='ltr'>ad</span> <span class='ocrx_word' id='word_1_314' title='bbox 1056 3921 1213 3984; x_wconf 88' lang='lat' dir='ltr'>aerarium</span> <span class='ocrx_word' id='word_1_315' title='bbox 1246 3939 1399 4003; x_wconf 86' lang='lat' dir='ltr'>apparere</span> 
     </span>
     <span class='ocr_line' id='line_1_35' title="bbox 214 4023 1398 4109; baseline -0.002 -21"><span class='ocrx_word' id='word_1_316' title='bbox 214 4030 340 4109; x_wconf 89' lang='lat' dir='ltr'>oportet</span> <span class='ocrx_word' id='word_1_317' title='bbox 362 4025 531 4108; x_wconf 91' lang='lat' dir='ltr'>oportebit.</span> <span class='ocrx_word' id='word_1_318' title='bbox 582 4023 652 4106; x_wconf 86' lang='grc'>(11)</span> <span class='ocrx_word' id='word_1_319' title='bbox 677 4024 855 4108; x_wconf 80' lang='lat' dir='ltr'>Eidemque</span> <span class='ocrx_word' id='word_1_320' title='bbox 878 4047 939 4090; x_wconf 89' lang='lat' dir='ltr'>cos.</span> <span class='ocrx_word' id='word_1_321' title='bbox 965 4031 1040 4090; x_wconf 89' lang='lat' dir='ltr'>ante</span> <span class='ocrx_word' id='word_1_322' title='bbox 1063 4026 1093 4090; x_wconf 88' lang='lat' dir='ltr'>k.</span> <span class='ocrx_word' id='word_1_323' title='bbox 1111 4023 1314 4089; x_wconf 90' lang='lat' dir='ltr'>Decembreis</span> <span class='ocrx_word' id='word_1_324' title='bbox 1330 4023 1398 4106; x_wconf 81' lang='lat' dir='ltr'>pri·</span> 
     </span>
     <span class='ocr_line' id='line_1_36' title="bbox 214 4127 1397 4214; baseline -0.002 -22"><span class='ocrx_word' id='word_1_325' title='bbox 214 4152 282 4192; x_wconf 88' lang='lat' dir='ltr'>mas</span> <span class='ocrx_word' id='word_1_326' title='bbox 305 4149 492 4212; x_wconf 85' lang='lat' dir='ltr'>praeconem</span> <span class='ocrx_word' id='word_1_327' title='bbox 515 4127 586 4210; x_wconf 89' lang='grc'>(11)</span> <span class='ocrx_word' id='word_1_328' title='bbox 612 4150 708 4192; x_wconf 88' lang='lat' dir='ltr'>unum</span> <span class='ocrx_word' id='word_1_329' title='bbox 733 4129 882 4212; x_wconf 82' lang='lat' dir='ltr'>legante,</span> <span class='ocrx_word' id='word_1_330' title='bbox 914 4131 987 4214; x_wconf 91' lang='lat' dir='ltr'>quei</span> <span class='ocrx_word' id='word_1_331' title='bbox 1017 4132 1051 4194; x_wconf 92' lang='lat' dir='ltr'>in</span> <span class='ocrx_word' id='word_1_332' title='bbox 1074 4153 1111 4195; x_wconf 87' lang='lat' dir='ltr'>ea</span> <span class='ocrx_word' id='word_1_333' title='bbox 1134 4130 1261 4194; x_wconf 90' lang='lat' dir='ltr'>decuria</span> <span class='ocrx_word' id='word_1_334' title='bbox 1284 4150 1397 4212; x_wconf 89' lang='lat' dir='ltr'>praeco</span> 
     </span>
     <span class='ocr_line' id='line_1_37' title="bbox 214 4232 1397 4316; baseline -0.002 -20"><span class='ocrx_word' id='word_1_335' title='bbox 214 4239 375 4316; x_wconf 88' lang='lat' dir='ltr'>appareat,</span> <span class='ocrx_word' id='word_1_336' title='bbox 401 4255 495 4316; x_wconf 87' lang='lat' dir='ltr'>quam</span> <span class='ocrx_word' id='word_1_337' title='bbox 520 4233 589 4315; x_wconf 87' lang='grc'>(11)</span> <span class='ocrx_word' id='word_1_338' title='bbox 610 4233 768 4297; x_wconf 89' lang='lat' dir='ltr'>decuriam</span> <span class='ocrx_word' id='word_1_339' title='bbox 785 4255 976 4316; x_wconf 90' lang='lat' dir='ltr'>praeconum</span> <span class='ocrx_word' id='word_1_340' title='bbox 992 4258 1030 4298; x_wconf 86' lang='lat' dir='ltr'>ex</span> <span class='ocrx_word' id='word_1_341' title='bbox 1046 4235 1156 4299; x_wconf 89' lang='lat' dir='ltr'>noneis</span> <span class='ocrx_word' id='word_1_342' title='bbox 1168 4232 1397 4298; x_wconf 89' lang='lat' dir='ltr'>Decembribus</span> 
     </span>
     <span class='ocr_line' id='line_1_38' title="bbox 214 4335 1396 4422; baseline -0.003 -21"><span class='ocrx_word' id='word_1_343' title='bbox 214 4338 336 4402; x_wconf 89' lang='lat' dir='ltr'>tertieis</span> <span class='ocrx_word' id='word_1_344' title='bbox 359 4339 389 4418; x_wconf 91' lang='grc'>(1</span> <span class='ocrx_word' id='word_1_345' title='bbox 399 4340 428 4420; x_wconf 94' lang='lat'>¹)</span> <span class='ocrx_word' id='word_1_346' title='bbox 447 4338 669 4422; x_wconf 88' lang='lat' dir='ltr'>quaestoribus</span> <span class='ocrx_word' id='word_1_347' title='bbox 685 4339 724 4402; x_wconf 90' lang='lat' dir='ltr'>ad</span> <span class='ocrx_word' id='word_1_348' title='bbox 742 4337 901 4402; x_wconf 86' lang='lat' dir='ltr'>aerarium</span> <span class='ocrx_word' id='word_1_349' title='bbox 916 4361 1068 4422; x_wconf 87' lang='lat' dir='ltr'>apparere</span> <span class='ocrx_word' id='word_1_350' title='bbox 1083 4342 1210 4422; x_wconf 90' lang='lat' dir='ltr'>oportet</span> <span class='ocrx_word' id='word_1_351' title='bbox 1225 4335 1396 4420; x_wconf 86' lang='lat' dir='ltr'>oportebit.</span> 
     </span>
     <span class='ocr_line' id='line_1_39' title="bbox 215 4438 1397 4526; baseline -0.003 -20"><span class='ocrx_word' id='word_1_352' title='bbox 215 4441 285 4524; x_wconf 84' lang='grc'>(11)</span> <span class='ocrx_word' id='word_1_353' title='bbox 309 4442 435 4525; x_wconf 80' lang='lat' dir='ltr'>Dosque</span> <span class='ocrx_word' id='word_1_354' title='bbox 460 4441 599 4506; x_wconf 83' lang='lat' dir='ltr'>viatores</span> <span class='ocrx_word' id='word_1_355' title='bbox 623 4463 739 4526; x_wconf 88' lang='lat' dir='ltr'>eosque</span> <span class='ocrx_word' id='word_1_356' title='bbox 762 4463 935 4525; x_wconf 89' lang='lat' dir='ltr'>praecones</span> <span class='ocrx_word' id='word_1_357' title='bbox 951 4443 1081 4520; x_wconf 88' lang='lat' dir='ltr'>omneis,</span> <span class='ocrx_word' id='word_1_358' title='bbox 1107 4465 1185 4526; x_wconf 89' lang='lat' dir='ltr'>quos</span> <span class='ocrx_word' id='word_1_359' title='bbox 1203 4463 1239 4506; x_wconf 91' lang='lat' dir='ltr'>eo</span> <span class='ocrx_word' id='word_1_360' title='bbox 1256 4438 1326 4526; x_wconf 86' lang='grc'>(11)</span> <span class='ocrx_word' id='word_1_361' title='bbox 1342 4451 1397 4503; x_wconf 80' lang='lat' dir='ltr'>&#39;or-</span> 
     </span>
    </p>
   </div>
   <div class='ocr_carea' id='block_1_4' title="bbox 0 0 1697 5248">
    <p class='ocr_par' dir='ltr' id='par_1_5' title="bbox 0 0 1697 5248">
     <span class='ocr_line' id='line_1_40' title="bbox 0 0 1697 5248; baseline 0 0"><span class='ocrx_word' id='word_1_362' title='bbox 0 0 1697 5248; x_wconf 95' lang='lat' dir='ltr'> </span> 
     </span>
    </p>
   </div>
  </div>
 </body>
</html>
