3400 5250
561 400 688 472 Epistula
707 399 821 454 'lralaui
841 397 885 454 vel
907 399 1057 455 Hadriani.
1342 401 1406 467 248

227 579 383 645 adhibitis
399 580 565 663 utriusque
579 579 698 643 ordinis
715 577 961 662 splen(1³)didis
981 577 1057 641 viris
1074 578 1204 664 cognita
1218 595 1313 642 eausa
1324 578 1407 641 inter

230 683 256 747 F
258 684 496 768 ale(¹⁴)rieuses
520 687 552 748 et
578 681 743 748 Firmanus
768 683 971 766 pronuntiavi
1005 683 1089 767 quod
1119 683 1186 767 (¹⁵)
1216 683 1406 766 suscriptum

228 793 287 854 est.
311 807 358 854 cx)
745 792 748 796 ’

319 893 389 979 (16)
414 895 457 959 Et
480 899 620 959 vetustas
644 895 720 972 litis,
745 915 825 978 quae
849 898 921 978 post
945 898 995 958 tot
1011 915 1112 958 annos
1129 893 1155 977 (Ι
1169 897 1198 970 ⁷)
1216 899 1407 960 retractatur

229 1021 251 1062 a
273 999 431 1064 Firmanis
463 1000 612 1064 adversus
645 1002 714 1080 (¹⁸)
750 999 963 1075 llalerienses,
996 997 1197 1062 vehementer
1222 1021 1270 1063 me
1292 1007 1406 1079 movet,

232 1107 302 1185 (¹⁹)
326 1127 395 1168 utrm
421 1125 635 1188 possessorum
659 1103 821 1168 securitati
853 1104 903 1168 vel
927 1102 1103 1187 mutunus
1128 1103 1219 1167 multi
1243 1107 1316 1168 anni
1340 1099 1407 1172 suf-

232 1207 326 1274 ficere
348 1205 479 1293 possint,
504 1208 573 1294 (Ἡ)
597 1213 629 1273 et
652 1209 717 1272 divi
742 1209 895 1294 Augusti,
919 1205 1156 1294 diligentissimi
1180 1213 1211 1274 et
1230 1209 1408 1292 instudui-

232 1315 413 1398 gentissimi
435 1333 513 1399 erga
535 1319 722 1399 quartanos¹
745 1335 818 1378 suos
843 1315 875 1396 (2
887 1315 916 1398 ³)
935 1313 1097 1398 principis,
1114 1311 1258 1396 epistula,
1275 1333 1337 1398 qua
1354 1317 1408 1381 ad-

235 1419 358 1483 monuit
382 1421 450 1500 (24)
474 1441 535 1496 eos,
560 1426 596 1484 ut
612 1417 717 1483 omnia
733 1415 918 1502 subpsiciva
934 1440 990 1481 sua
1010 1415 1269 1502 collige(²⁵)rent
1285 1421 1317 1483 et
1333 1441 1408 1485 ven-

231 1521 352 1602 derent,
377 1547 455 1608 quos
478 1529 544 1590 tam
567 1523 687 1588 salubri
711 1522 780 1608 (⁹⁶)
805 1521 1020 1587 admonitioni
1044 1523 1185 1607 paruisse
1204 1546 1268 1587 non
1284 1521 1408 1599 dubita

233 1629 303 1712 (Ν)
326 1635 456 1713 propter
480 1652 560 1714 quae
585 1650 799 1712 possessorum
824 1628 874 1691 ius
898 1627 1078 1693 confirmat.
1113 1632 1181 1710 (²⁸)
1206 1625 1328 1692 Valete.

321 1731 467 1818 D(atum)
493 1729 538 1797 Xl
562 1734 593 1798 k.
613 1731 694 1818 Aug.
719 1733 752 1796 in
769 1732 910 1812 Albana,
936 1731 1006 1816 (²⁹)
1031 1737 1144 1816 agente
1167 1754 1273 1797 stiram
1298 1729 1409 1798 uuo-

233 1839 286 1902 vio
298 1835 392 1917 Vera,
416 1841 485 1921 (³⁰)
510 1837 625 1923 legatis
652 1837 683 1901 Ρ.
701 1837 800 1902 Bovio
817 1833 947 1914 Sabino,
974 1839 1003 1919 (3
1015 1837 1043 1922 1)
1062 1835 1095 1900 P.
1112 1837 1261 1902 Petronio
1276 1836 1408 1906 Achille.

235 1981 276 1990 -
294 1940 455 2028 D(eoreto)
480 1944 711 2026 d(eourionum)
736 1940 897 2026 p(ubliae).

409 2119 460 2185 78.
496 2120 697 2204 Epistula
720 2119 902 2184 Traiani
924 2121 988 2184 vel
1014 2115 1232 2183 Hadriani.

310 2257 337 2310 0.
351 2257 374 2310 1.
389 2255 422 2311 L.
441 2257 479 2310 11
490 2255 518 2320 S,
536 2257 588 2311 839
605 2273 631 2310 a.
642 2259 718 2312 5368.
747 2255 777 2308 E
793 2257 895 2310 lamina
913 2255 1022 2319 ahenea,
1040 2257 1156 2324 quaein
1174 2253 1314 2324 Hispania
1328 2275 1413 2327 propa

235 2345 363 2399 Seuitlarn
380 2346 410 2398 in
424 2346 567 2412 parietinis
585 2345 693 2412 antiqui
709 2344 802 2412 oppidi
820 2345 932 2398 Italicae
950 2345 991 2410 (ta
1013 2343 1116 2412 Talea),
1135 2345 1166 2398 da
1184 2359 1236 2412 qua
1254 2361 1276 2398 a
1288 2345 1411 2400 Huabne·

234 2451 296 2486 ram
316 2432 343 2486 0.
363 2433 387 2486 Ι.
403 2433 436 2486 L.
448 2435 532 2499 2,145,
552 2449 577 2486 a.
590 2435 658 2484 1868
677 2432 773 2499 effossa
790 2449 862 2485 nuno
881 2431 994 2486 Serviliae
1012 2433 1175 2485 adseruntur.
1204 2432 1330 2500 Lamina,
1350 2437 1365 2488 t
1378 2452 1412 2490 na.

237 2525 307 2589 0‚22‚
331 2537 356 2574 u.
375 2523 444 2587 O,16,
470 2535 557 2588 paene
576 2519 694 2586 undique
715 2519 810 2586 fracta
829 2525 874 2572 est.
911 2519 1077 2572 Litterarum
1096 2520 1191 2588 farina
1213 2523 1238 2574 ei
1254 2519 1350 2576 sinaitis
1368 2528 1412 2590 est,

234 2625 316 2677 -qnarn
332 2610 410 2676 prior
427 2609 520 2662 tabula
540 2607 697 2662 Ursonensis
716 2615 810 2675 (supra
825 2610 926 2674 p.123)
947 2607 1059 2673 subibit,
1078 2625 1161 2675 pecare
1178 2611 1238 2676 ipsu
1256 2626 1358 2677 auoque
1375 2612 1413 2663 oi·

234 2696 315 2750 detur
331 2697 432 2750 saeculi
450 2711 504 2750 esse
512 2697 597 2763 primi
607 2697 726 2750 meantis
744 2697 784 2749 oet
798 2697 919 2750 ineuntis
938 2696 1054 2749 secundi.
1089 2697 1198 2750 Videtur
1216 2699 1348 2751 continere
1366 2705 1414 2752 aut

241 2781 355 2836 Traiani
373 2789 421 2838 aut
434 2783 573 2838 Hadriani
592 2785 747 2850 epistulam
768 2800 832 2836 raam
850 2800 863 2836 e
882 2783 953 2836 Ptin.
969 2800 1065 2852 panea
1085 2787 1171 2856 35-6
1188 2791 1326 2839 euastata
1348 2786 1413 2840 Tra·

230 2855 301 2925 ⁴iano
326 2871 429 2924 deinum
454 2869 572 2924 ordinent
590 2871 751 2924 iudr'a'orun
766 2873 938 2939 prioatorum
962 2871 998 2924 ad
1020 2887 1116 2924 causas
1132 2869 1234 2937 meaios
1252 2873 1413 2926 translatura

233 2973 298 3025 asse,
317 2955 377 3011 lieet
391 2965 508 3026 praetor,
526 2959 574 3026 qui
592 2959 662 3012 inter
673 2958 766 3024 fiscum
784 2963 809 3012 et
828 2960 948 3026 privatos
971 2959 1013 3012 ius
1033 2956 1137 3025 dicaret,
1157 2960 1211 3012 iarn
1229 2977 1246 3012 a
1264 2957 1355 3014 Nerua
1373 2961 1414 3014 in-

235 3042 376 3099 troductas
392 3047 428 3100 sit
446 3048 480 3112 (a.
501 3043 538 3100 D.
548 3047 682 3114 1,2,2,32).
723 3043 833 3100 Plinius
856 3045 936 3100 dicit:
961 3045 1087 3100 tribunal
1106 3045 1294 3115 excogitatum
1312 3047 1414 3116 princi·

241 3133 394 3202 patriast,
414 3151 466 3203 par
485 3133 591 3190 ceteris.
609 3164 643 3174 -
663 3132 725 3190 Sors
745 3138 772 3188 et
791 3151 863 3188 urna
884 3133 948 3189 fisco
969 3133 1087 3188 iudicem
1106 3133 1253 3202 adsignat,
1279 3131 1344 3188 lieet
1363 3135 1414 3189 rei-

238 3236 305 3284 cere,
324 3215 389 3274 lioet
408 3221 575 3276 exclamare:
596 3221 678 3276 ‘hune
690 3221 770 3277 nolo'.
792 3253 823 3260 --
842 3221 961 3276 Lamina
981 3222 1054 3276 edita
1072 3227 1109 3275 est
1118 3223 1236 3290 priniana
1248 3239 1265 3274 a
1277 3221 1415 3292 Borion-pa

234 3307 266 3361 in
284 3308 322 3362 ed.
342 3309 406 3377 lepis
430 3308 525 3364 Urson.
543 3307 637 3363 adata
655 3309 772 3364 laminae
789 3308 912 3379 imapine,
935 3315 1033 3378 postea
1056 3327 1073 3362 a
1092 3307 1148 3362 Mo.
1173 3309 1255 3376 (pr.
1275 3326 1312 3377 ep.
1326 3313 1414 3376 2,149)

235 3397 286 3462 pai
301 3396 454 3450 dubitanter
470 3399 607 3466 supplevit.
647 3395 688 3464 Cf.
708 3397 793 3451 Zau.
815 3400 918 3464 12‚126.

239 3535 246 3547 .
297 3534 332 3546 ,Α
352 3533 1119 3552 ...............
1162 3486 1246 3570 aaa

240 3638 1067 3658 .................
1112 3593 1259 3676 oop]niti0
1282 3594 1347 3678 -(

238 3797 311 3884 [Ad
329 3802 439 3882 sisenna
461 3823 561 3867 nonar
583 3806 612 3868 si
636 3825 714 3885 quae
737 3806 954 3886 cuiuscumque
976 3803 1033 3890 roi]
1059 3805 1291 3868 nuntiationes³

238 3907 384 3995 [postiae
401 3909 483 3990 fierit,
509 3910 542 3972 in
564 3911 664 3974 iudice
686 3931 748 3974 nno
775 3911 891 3993 eaden]
915 3910 1078 3974 observari
1104 3910 1196 3974 debe·
1428 3919 1450 3968 5.

312 4134 337 4204 1)
356 4136 374 4188 i.
393 4152 414 4189 a.
433 4135 528 4190 initian
545 4137 657 4204 tepionas
675 4136 727 4192 IV.
746 4165 779 4176 -
798 4137 826 4203 2)
846 4135 946 4204 Hypin.
967 4135 1203 4204 depununtur.
1228 4134 1277 4200 (ed.
1291 4133 1416 4195 Lustra.)

237 4225 400 4286 auus-13:
421 4239 483 4276 eum
503 4221 582 4276 divus
604 4223 789 4292 Vespasianus
809 4221 949 4276 subsiciva
968 4221 1072 4286 omnia,
1093 4236 1165 4290 quae
1187 4237 1242 4276 non
1261 4219 1419 4282 veniissent,

243 4337 277 4348 -
296 4308 349 4363 sibi
369 4309 544 4374 vindicasset,
562 4339 597 4348 -
617 4308 793 4362 Domitianus
812 4323 861 4377 par
884 4312 978 4364 totam
997 4307 1113 4362 Italiam
1126 4307 1267 4361 subsiciva
1279 4306 1419 4375 possiden·

241 4395 316 4450 tibus
335 4395 460 4452 donavit.
500 4396 540 4466 (if.
555 4395 650 4450 Frout.
669 4397 700 4450 de
718 4403 801 4453 contr.
815 4414 872 4465 apr.
886 4400 997 4452 53-54.
1029 4395 1155 4463 Rutdorff,
1174 4400 1239 4448 rim.
1256 4393 1421 4448 Faidnesser

130 4553 134 4559 Ι
238 4487 326 4550 2,456.
346 4515 381 4522 —
399 4485 427 4539 3l
446 4483 489 4538 De
507 4485 730 4550 nuntiationibus,
750 4500 818 4550 quiae
837 4483 873 4536 ad
891 4483 986 4536 {iseum
1003 4483 1082 4550 aiunt,
1100 4500 1124 4538 o.
1143 4483 1181 4535 D.
1200 4485 1309 4548 49,14‚1.

1164 4588 1212 4641 lo*
1257 4641 1258 4646 ,
