3400 5250
612 383 660 439 SC.
684 386 719 440 de
738 385 1010 456 Aphrodisiensium.
1344 387 1406 453 177

274 563 343 650 (⁶¹)
368 562 574 646 Γραφομὲνου
594 573 739 646 παρῆσαν
762 582 807 628 ω
824 560 915 638 Τίτος
931 561 1060 636 Μαίνιος
1077 561 1171 626 Τίτου
1187 562 1251 637 υίὸς
1266 563 1412 647 Λεμωνία

228 679 264 745 (ct
286 677 340 730 duo
360 677 429 744 αίιϊ),
448 676 511 745 (62.
533 676 591 742 6³).

272 771 350 856 Περί
381 775 423 835 ὡν
447 770 603 854 Μοίαρκος
626 770 824 852 Λεύκολλος,
857 768 950 844 Γάιος
974 769 1093 846 Καίσιος
1116 773 1228 836 ὕπατοι
1252 772 1320 858 (⁶4)
1345 773 1411 864 ἐπιρ

227 879 353 963 γνόντες
378 876 587 960 ἀπήνγειλαν·

318 983 390 1064 περί
412 979 573 1063 Ὠρωπίας
595 979 702 1064 χωρας
726 981 866 1050 καὶτῶν
892 979 960 1065 (⁶⁵)
987 980 1187 1064 δημοσιωνῶν
1212 981 1341 1056 ἑαυτοὺς
1358 982 1410 1044 ἐπ-

317 1085 504 1170 εγνωκέναι·
528 1085 677 1159 ὡσαύτως
693 1088 749 1167 τὴν
764 1082 929 1164 Ὠρωπίων
955 1084 1023 1171 (⁶⁶)
1048 1083 1154 1168 χώραν
1170 1085 1411 1170 ὑπεξειρημὲνην

319 1193 426 1254 δοκεῖν
450 1191 632 1253 siracusas&
655 1191 708 1252 τίν
731 1200 786 1273 τῆς
810 1189 995 1274 μισθώσεως
1017 1189 1122 1272 νόμον,
1147 1191 1215 1276 (⁶²)
1240 1195 1282 1276 μὴ
1306 1192 1411 1256 δοκεῖν

315 1299 387 1370 τοὺς
411 1292 605 1378 δημοσιὼνας
628 1302 728 1356 ταῦτα
751 1293 970 1376 καρπίζεσθαι,
1231 1361 1233 1369 ,

273 1403 388 1478 οὕτως,
419 1417 465 1463 ω
497 1397 566 1482 (⁶⁸)
600 1397 711 1471 καθὼς
742 1398 845 1471 αὐτοῖς
878 1399 916 1459 ἐκ
947 1405 1008 1460 τῶν
1037 1396 1194 1480 δημοσίων
1218 1401 1411 1483 πραγμάτων

228 1503 359 1578 πίστεώς
383 1525 416 1566 τε
439 1513 494 1588 τῆς
519 1502 587 1586 (⁶⁹)
613 1501 690 1576 ἰδίας
715 1503 867 1583 ἐφαίνετο,
891 1499 1024 1578 ἕδοξενί.

273 1713 440 1778 Scribcuda
465 1709 636 1788 adfuerunt
662 1710 697 1773 Τ.
722 1710 873 1774 Maeuius
899 1710 933 1774 Τ.
956 1709 1181 1791 Mordoula)
1214 1722 1250 1784 (et
1271 1719 1324 1774 dua
1341 1721 1411 1782 alit).

275 1817 364 1899 Quod
390 1816 438 1880 M.
463 1815 616 1878 Lucullus
646 1813 680 1879 Ο.
704 1813 834 1879 Cassius
862 1835 920 1880 cos.
951 1834 1048 1878 causa
1075 1818 1197 1898 coquito
1228 1819 1411 1884 rettuleruut

319 1923 356 1988 de
378 1942 455 2003 auro
473 1921 591 2001 Oropia
615 1925 642 1984 et
652 1920 835 2001 publicauis
859 1921 1033 2001 coauooissc
1056 1941 1104 1984 se:
1129 1920 1320 2002 Oropioruru
1335 1945 1411 2004 qua-

320 2049 377 2108 que
400 2047 513 2110 aoruuc
536 2031 693 2106 exceptum
719 2024 818 2088 uideri
846 2045 910 2088 esse
936 2046 973 2088 eu
997 2026 1060 2108 leae
1084 2027 1254 2106 locatiouis,
1281 2049 1344 2092 ιιοιι
1367 2031 1412 2092 oi-

318 2133 386 2198 deri
403 2131 591 2214 publicanos
614 2131 658 2194 eis
678 2130 755 2208 frui,

276 2242 330 2317 ita,
354 2244 388 2301 ut
410 2237 454 2301 eis
477 2233 691 2314 erepublica
710 2233 830 2314 fideque
852 2253 912 2298 sua
939 2235 1038 2297 aureus
1060 2241 1143 2312 esset,
1168 2237 1338 2301 cucsucre¹.

374 2412 448 2494 †41.
484 2408 542 2474 SC.
567 2409 614 2471 de
639 2407 1056 2492 Aphrodisiensibus
1087 2435 1113 2476 c.
1138 2435 1166 2477 a.
1193 2413 1265 2477 712.

302 2552 329 2607 0.
341 2553 364 2606 Ι.
377 2551 423 2606 Gr.
435 2554 516 2614 2,493
534 2568 560 2604 ιι.
573 2553 644 2602 2737
662 2549 737 2616 iude;
756 2549 862 2603 Vicrcclr
879 2567 964 2604 seruc
976 2550 1095 2605 Graccus
1113 2557 1160 2605 cet.
1175 2569 1203 2620 ρ.
1217 2555 1240 2605 5.
1260 2583 1293 2592 -
1305 2553 1412 2622 Aphro-

230 2641 321 2708 disias,
347 2638 443 2692 Cariae
461 2637 596 2706 oppidanus,
616 2638 662 2691 ¹uel
679 2644 710 2691 ut
728 2638 806 2706 pleae
824 2638 952 2692 dicuutur
969 2640 999 2692 iu
1018 2641 1132 2693 uuruutis
1150 2639 1323 2706 Ἀφροδισιεῖς
1341 2645 1412 2694 Ilia:

231 2736 318 2794 ριισεῖς
335 2727 398 2792 siaa
417 2731 448 2778 ut
466 2713 495 2777 iu
508 2724 557 2778 lsoc
568 2740 708 2790 ruarmore,
728 2727 877 2789 Πλαρασεῖς
895 2730 943 2776 καί
956 2723 1137 2791 Ἀρροοισιεῖς,
1156 2727 1302 2782 libertatem
1314 2732 1415 2798 accepit

230 2830 285 2868 uou
303 2820 359 2866 tacu
376 2825 403 2865 a·
414 2811 526 2865 Caesare
544 2811 673 2864 dictatore
692 2827 772 2879 quam
790 2827 823 2864 cu
840 2813 908 2865 actis
926 2814 983 2866 eius
1001 2829 1069 2880 quae
1085 2813 1244 2868 dicebantur
1260 2832 1278 2867 a
1297 2815 1338 2868 Μ.
1356 2818 1414 2870 Au-

231 2903 305 2957 tauio
324 2919 349 2954 a.
361 2904 412 2954 710
429 2917 485 2952 uua
504 2916 563 2952 curu
581 2899 782 2965 confirmatione
799 2901 868 2953 iuris
886 2899 966 2968 asyli,
986 2917 1068 2968 quam
1078 2907 1207 2954 memorat
1222 2901 1331 2956 Tacitus
1349 2921 1413 2959 auu.
1450 2892 1453 2897 ¹

231 2992 307 3052 3‚62.·
327 2986 557 3058 Aphrodisienses
575 2987 694 3056 posthac
712 2989 740 3041 et
759 2985 982 3042 Stratonicenses
1001 2987 1149 3045 dictatoris
1169 2988 1296 3045 (laesuris
1315 2991 1350 3046 ob
1369 3008 1413 3046 ve·

232 3079 312 3130 tusto,
340 3076 370 3129 in
392 3077 490 3145 partes
515 3074 618 3129 merita
643 3078 672 3129 ct
691 3091 785 3129 recens
802 3075 862 3128 divi
887 3075 1009 3145 Augusti
1035 3076 1177 3130 decretum
1203 3079 1327 3132 attulere
1346 3117 1371 3131 ..
1387 3118 1413 3131 ..

235 3161 495 3233 Aphrodisiensium
520 3161 621 3215 civitae
647 3161 769 3225 Veneris,
795 3162 1047 3218 Stratonicensium
1071 3163 1144 3218 lovis
1169 3166 1198 3218 et
1216 3163 1328 3218 Triviae
1351 3164 1413 3218 reli·

232 3251 344 3321 gionem
362 3251 524 3306 tuebantur.
552 3249 623 3302 Eius
641 3250 739 3302 decreti
755 3251 785 3302 iu
804 3251 892 3318 lapide
911 3267 965 3303 ucu
981 3257 1100 3318 superest
1112 3251 1168 3303 uisi
1178 3252 1318 3318 inscriptio
1332 3256 1413 3318 γραμ-
1471 3306 1474 3311 .

234 3358 303 3408 ματα
321 3341 455 3404 Καίσαρος
474 3344 499 3391 et
517 3344 702 3406 aryumeuturu
720 3338 834 3390 relatum
852 3339 881 3390 iu
898 3343 1006 3391 senatus
1024 3339 1166 3402 causatu:
1179 3355 1212 3391 ec
1229 3338 1331 3392 decreto
1353 3339 1414 3391 111-

233 3431 320 3483 uirum
337 3445 358 3480 r.
368 3445 395 3496 ρ.
407 3445 443 3493 a,
470 3443 522 3495 qua
540 3427 570 3480 id
587 3426 809 3492 contestabatur,
836 3426 908 3493 quod
925 3425 1030 3478 uidetur
1048 3442 1102 3479 esse
1120 3429 1245 3492 ἐπίκριμα
1263 3426 1415 3494 adtractum

233 3519 263 3570 iu
280 3516 396 3584 epistula
412 3515 542 3581 Autouii,
570 3530 624 3567 aou
642 3519 761 3581 superest
785 3514 840 3566 uisi
856 3518 1039 3581 oruamentum
1057 3514 1143 3566 solum
1162 3514 1191 3566 iu
1209 3513 1278 3566 ideru
1294 3519 1414 3568 screatus·

234 3605 383 3659 coasultum
401 3610 542 3672 receptum.
580 3602 658 3672 Quod
674 3601 789 3656 secuudo
808 3601 864 3656 loco
882 3602 912 3654 iu
929 3601 1045 3669 epistula
1062 3601 1220 3654 uomiuatur
1237 3605 1331 3667 δόγμα,
1359 3602 1415 3656 cius

235 3693 304 3745 baua
319 3707 387 3758 pars
404 3697 537 3758 sapaces·
567 3691 675 3744 tertium
694 3689 885 3742 iusiurandum
904 3695 1002 3756 quarta
1023 3689 1073 3751 lea,
1097 3689 1197 3757 quitus
1210 3687 1310 3756 foedus
1326 3690 1417 3742 soucie

236 3781 324 3844 batur,
340 3781 486 3846 perierunt.
528 3777 654 3844 Tempore
672 3781 797 3838 extrema,
825 3777 854 3828 iu
873 3773 966 3828 ardiae
989 3775 1068 3828 solita
1094 3791 1166 3828 usare
1185 3777 1275 3843 prima
1300 3780 1338 3828 est
1362 3777 1416 3843 epi·

234 3868 307 3921 stulu
328 3865 368 3918 M.
382 3865 499 3917 Autcuii
517 3865 654 3918 triuuwiri
670 3882 691 3917 r.
705 3881 730 3931 ρ.
745 3880 766 3916 ο.
786 3869 811 3916 et
829 3879 880 3925 cos,
900 3863 951 3916 des.
965 3861 1003 3915 ΙΙ
1017 3869 1042 3916 et
1055 3862 1113 3929 ΙΙΙ,
1132 3864 1161 3916 id
1179 3869 1218 3917 est
1234 3864 1335 3932 sauuta
1347 3865 1417 3916 iuter

235 4009 442 4019 ——.-.---—-

308 4094 334 4160 1)
359 4092 491 4145 Eutreruo
513 4107 580 4158 pars
604 4092 702 4144 decreti
721 4091 882 4159 perturbata
901 4089 1005 4142 arausic
1018 4089 1147 4156 formulis
1166 4088 1311 4141 tralaticiis
1328 4090 1417 4157 qualis

236 4199 290 4238 esse
310 4181 436 4245 debuerit,
456 4178 619 4245 iutelleoitur
637 4193 669 4230 eu
686 4177 919 4230 seriatuseousulto
937 4176 969 4229 dc
987 4176 1146 4243 Asclepiade
1151 4196 1161 4242 ;
1183 4175 1283 4229 scilicet
1298 4183 1359 4244 post
1376 4194 1415 4228 re·

237 4271 363 4324 lationem
382 4268 596 4335 risayistrutuum,
616 4281 684 4332 quae
701 4265 762 4329 duit
780 4281 803 4318 u.
823 4265 1006 4330 καρπίζεσθαι,
1023 4263 1174 4331 parcendum
1182 4263 1242 4330 fuit
1256 4267 1313 4328 περί
1325 4266 1415 4314 τούτου

235 4365 281 4409 τοῦ
307 4359 460 4420 πράγματος
479 4355 563 4415 οὕτως
581 4355 682 4414 ἔδοξεν·
701 4356 748 4418 τὴν
766 4353 912 4418 σύνκλητον
931 4353 1020 4404 θέλειν
1039 4357 1121 4402 ταῦτα
1141 4353 1224 4414 οὕτως
1242 4351 1362 4416 γίνεσθαι
1380 4353 1415 4413 ὡς

237 4448 268 4496 ἂν
289 4446 376 4506 αὐτοῖς
396 4445 428 4492 ἐκ
446 4447 496 4492 τῶν
515 4445 646 4506 δημοσίων
664 4444 824 4507 πραγμάτων
837 4443 948 4503 πίστεως
960 4458 988 4492 τε
1003 4446 1051 4506 τῆς
1063 4441 1131 4498 ἰδίας
1144 4441 1274 4503 μαίνηται.
1297 4437 1414 4498 Ἔοοξεν.

282 4556 374 4609 Bautis,
394 4553 481 4598 Fontes
501 4533 568 4597 iuris.
596 4553 640 4597 Ed.
659 4552 703 4598 VI.
1173 4523 1209 4629 12⁴
