3400 5254
755 387 897 444 Asconius.
1370 396 1411 462 69

226 566 366 644 ceperat,
391 561 524 648 (Numa)
549 563 658 627 divisit
681 563 801 628 viritim
827 564 968 630 civibus'.
994 603 1033 614 -—
1059 565 1162 632 Varro
1186 569 1224 632 de
1239 569 1306 634 vita
1329 593 1358 653 p.
1372 570 1410 636 R.

230 667 250 732 l.
275 665 309 730 I:
340 671 382 732 ‘et
414 671 505 732 extra
527 669 640 733 urbem
671 670 704 732 in
728 671 875 753 regiones
898 670 1009 736 XXVI
1037 694 1132 758 agros
1156 673 1280 740 viritim
1304 675 1412 741 liberis

226 773 400 837 attribuit'.
447 778 499 837 30.

363 1003 404 1068 V.
438 1001 651 1068 ASOONIUS
673 1001 721 1068 IN
747 1001 977 1068 CICERONIS
999 1003 1261 1070 ORATIONES.

315 1160 346 1230 i).
357 1161 495 1214 Asconius
508 1161 650 1214 Pedianus
666 1161 860 1228 prumuutieus
878 1161 987 1214 iueuutc
999 1178 1067 1216 succ.
1078 1163 1100 1216 I
1113 1169 1197 1218 uatus
1209 1164 1412 1218 commentarios

229 1249 359 1302 doctriua
376 1249 497 1317 iusipues
520 1248 551 1300 iu
573 1246 710 1301 (decreuit
735 1249 870 1303 orationes
889 1249 1000 1316 scripsit
1020 1257 1139 1305 seruatos
1156 1253 1235 1306 uobis
1252 1268 1307 1305 uuo
1325 1252 1413 1305 codice

233 1333 418 1404 Suuputteusi,
446 1335 494 1403 qui
512 1351 580 1389 saec.
600 1335 664 1388 XV
679 1336 830 1404 descriptus
845 1343 942 1404 posteo
955 1338 1049 1404 periit.
1086 1337 1163 1392 Huic
1180 1340 1276 1392 ducenti
1294 1339 1413 1393 auctoris

227 1421 263 1474 iu
278 1421 409 1476 Verriuas
428 1423 611 1476 corumeuturii
628 1429 713 1478 aetate
731 1430 756 1476 et
767 1425 892 1478 doctriua
911 1425 986 1494 loupe
997 1427 1145 1492 inferiores
1158 1427 1282 1480 adiuncti
1291 1427 1411 1494 fueruat,

229 1509 282 1577 qui
301 1509 417 1564 Ascouii
434 1511 541 1584 uomiue
560 1511 610 1564 diu
628 1513 719 1566 oruuti
737 1513 815 1566 hodie
834 1514 884 1566 sub
897 1513 1136 1568 Pseudo-Asconii
1153 1514 1260 1567 uomiuc
1278 1515 1359 1568 citari
1371 1531 1412 1567 so

229 1597 294 1650 lent.
331 1598 448 1651 Asconii
466 1598 669 1651 commentarios
686 1598 830 1652 aedesius
848 1599 990 1652 ediderunt
1008 1600 1150 1670 Kiesstiup
1168 1606 1193 1654 et
1211 1599 1312 1655 Setoetl
1335 1604 1412 1655 1875.

228 1683 351 1738 Eosdem
369 1692 393 1739 et
412 1685 706 1740 Pseudo-Asconiuuos
725 1687 881 1740 couiuuctos
899 1687 984 1740 edidit
997 1687 1095 1741 Baiter
1112 1687 1143 1740 iu
1155 1685 1209 1740 Oic.
1228 1688 1267 1741 ed.
1284 1687 1361 1742 Orell.
1382 1689 1412 1745 T.

168 1799 191 1824 s
238 1771 268 1824 V.
282 1788 313 1838 p.
327 1772 372 1839 II,
392 1772 469 1825 1835.
512 1771 656 1840 Utriusque
674 1772 802 1825 editionis
816 1773 938 1841 papinus
957 1774 1074 1842 siuputis
1094 1774 1161 1878 imis
1173 1775 1305 1842 excerptis
1317 1775 1412 1829 adieci.

677 1927 707 1983 Α.
737 1929 762 1983 tn
785 1929 965 1985 Pisonianam.

308 2055 387 2135 Arp.
406 2052 463 2117 Cn.
480 2051 650 2134 Pompeius
665 2051 807 2131 Strabo¹‚
825 2058 916 2136 pater
933 2055 988 2119 On.
1006 2054 1138 2139 Pompei
1154 2055 1275 2140 Magni,
1292 2055 1411 2122 Trans·

229 2158 372 2240 padanus
395 2159 535 2222 colonias
560 2193 599 2204 -
624 2179 688 2222 non
711 2159 802 2223 novis
826 2160 947 2224 colonis
968 2197 1006 2212 -
1024 2162 1201 2240 constituit,
1225 2163 1279 2228 sed
1297 2163 1410 2227 veteri·

149 2278 152 2285 '
232 2263 293 2326 bus
316 2263 428 2327 incolis
450 2263 654 2327 manentibus
685 2264 735 2327 ius
759 2264 845 2328 dedit
867 2264 967 2344 Latii,
1000 2271 1037 2331 ut
1061 2271 1189 2350 possent
1211 2265 1328 2331 habere
1352 2269 1411 2347 ius,

229 2368 317 2452 quod
341 2373 462 2432 ceterae
487 2368 620 2432 Latinae
645 2368 797 2448 coloniae,
821 2371 852 2434 id
877 2376 925 2436 est
948 2377 985 2436 ut
1005 2371 1076 2456 per²
1103 2374 1312 2458 magistratus
1335 2375 1411 2438 civi-

228 2477 329 2538 tatem
346 2473 518 2541 Romanam
536 2475 793 2558 adipiscerentur.
819 2485 833 2558 (
830 2499 865 2558 p.
883 2483 904 2541 3
918 2481 964 2543 ed.
979 2479 1069 2544 Bait.
1091 2510 1121 2532 =
1136 2500 1171 2558 p.
1187 2483 1211 2543 2
1227 2481 1274 2543 cd.
1288 2479 1411 2544 Kiessl.

228 2585 261 2643 et
285 2579 434 2666 Seducit.)

320 2685 337 2766 ἓ
361 2689 389 2752 8.
430 2685 464 2750 L.
488 2685 581 2764 Iulia,
616 2686 649 2752 Ο.
675 2687 796 2752 Marcio
819 2687 909 2763 oos.⁸,
934 2711 1013 2772 quos
1037 2694 1069 2752 et
1095 2688 1162 2771 ipse
1186 2689 1293 2753 Cicero
1317 2711 1412 2772 supra

233 2791 432 2867 memoravit,
461 2789 543 2854 scio
566 2793 700 2878 collegia
723 2792 850 2856 sublata
874 2799 958 2872 sunt,
983 2817 1065 2878 quae
1089 2795 1239 2858 adversus
1262 2816 1329 2858 rem
1351 2818 1410 2878 pu·

234 2893 350 2957 blicam
376 2894 564 2958 videbantur
586 2919 662 2962 esse.
688 2937 727 2946 —
754 2897 829 2962 Post
853 2897 924 2962 sen⁴
947 2899 1059 2963 deinde
1083 2920 1192 2978 annos,
1217 2921 1312 2982 quam
1335 2901 1409 2963 sub-

235 2997 302 3060 lata
318 3003 419 3076 erant,
436 2998 471 3064 P.
485 2999 613 3065 Clodius
629 3003 704 3067 trib.
717 3005 760 3086 pl.
777 3005 848 3087 lege
864 3005 930 3067 lata
946 3005 1091 3069 restituit
1108 3005 1251 3089 collegia.
1268 3007 1286 3085 (
1285 3009 1306 3068 7
1321 3037 1351 3058 =
1365 3008 1410 3086 6.)

322 3104 339 3184 ἓ
364 3105 395 3168 9.
441 3103 588 3170 Diximus
611 3106 645 3170 L.
663 3105 777 3172 Pisone
801 3107 858 3170 Α.ὅ
883 3107 1018 3172 Gabinio
1043 3107 1125 3172 cos.⁰
1150 3109 1184 3172 P.
1203 3107 1348 3174 Clodium
1370 3115 1409 3174 tr.

230 3210 276 3294 pl.
310 3214 462 3294 quattuor
492 3209 793 3294 leges-perniciosas
817 3213 934 3295 populo
958 3211 1104 3276 Romano
1128 3213 1258 3277 tulisse:
1282 3251 1322 3260 -
1346 3218 1410 3278 ter·

231 3315 312 3378 tiam
345 3315 383 3378 de
415 3313 558 3400 collegiis
587 3317 789 3380 restituendis
813 3316 967 3400 novisque
990 3317 1224 3394 instituendis⁷;
1251 3355 1290 3364 —
1315 3341 1410 3402 quar·

232 3424 310 3497 tam,
334 3443 373 3484 ne
396 3443 489 3504 quem
513 3443 657 3484 censores
680 3421 713 3484 in
731 3427 844 3486 senatu
859 3422 994 3506 legendo
1011 3421 1240 3505 praeterirent8
1256 3445 1333 3487 neve
1349 3446 1411 3506 qua

231 3525 411 3610 ignominia
434 3526 614 3604 afficerent,
647 3525 710 3590 nisi
741 3528 796 3610 qui
820 3527 902 3610 apud
927 3549 979 3590 eos
1004 3531 1169 3590 accusatus
1192 3531 1223 3590 et
1245 3528 1411 3611 utriusque

232 3631 371 3694 censoris
401 3633 560 3695 sententia
590 3633 760 3695 damnatus
790 3636 888 3706 esset3
922 3631 982 3696 hac
1011 3651 1087 3716 ergo
1118 3631 1184 3694 eius
1209 3632 1278 3716 lege
1300 3653 1410 3696 censu-

232 3756 316 3811 ram,
350 3758 431 3819 quae
460 3738 614 3822 magistra
647 3737 777 3820 pudoris
809 3741 841 3800 et
864 3737 1037 3800 modestiae
1060 3740 1123 3815 est,
1155 3735 1312 3801 sublatam
1338 3738 1409 3802 air.

232 3841 271 3921 (9
294 3871 321 3892 =
345 3843 390 3921 7.)

306 4015 332 4082 1)
351 4031 402 4068 cos.
421 4033 447 4068 a.
465 4033 491 4068 u.
512 4033 533 4068 c.
554 4018 611 4068 665.
622 4047 660 4086 ¹-
684 4016 710 4084 2)
728 4031 778 4086 per
797 4016 951 4084 Buecheler,
971 4015 1089 4085 petinet
1107 4013 1222 4084 petendi
1241 4014 1313 4068 ttort.
1331 4044 1364 4054 —
1383 4015 1411 4083 3)

233 4120 260 4156 a.
280 4119 306 4155 u.
326 4119 347 4156 c.
367 4105 426 4156 690.
447 4132 474 4140 -
500 4101 529 4169 4)
546 4105 585 4156 sic
605 4103 714 4170 Riulces,
734 4121 834 4159 nouem
854 4105 924 4159 libri.
945 4135 975 4143 —
996 4104 1025 4172 5)
1044 4102 1086 4170 A.]
1107 4105 1136 4157 et
1153 4104 1224 4157 libri.
1245 4135 1277 4144 -
1296 4104 1326 4171 6)
1345 4119 1370 4158 a.
1384 4119 1411 4158 u.

232 4209 249 4246 c
271 4195 329 4245 696.
350 4223 384 4230 -
404 4191 432 4261 7)
451 4191 503 4245 Cic.
523 4193 553 4244 iu
570 4193 626 4246 Pis.
639 4195 699 4259 4,9:
717 4191 837 4260 collegia
856 4210 910 4248 non
931 4209 964 4247 ee
982 4191 1081 4254 solum,
1101 4205 1173 4258 quae
1192 4190 1306 4243 senatus
1321 4190 1411 4242 sustu·

236 4279 323 4343 lerat,
348 4279 496 4342 restinta,
524 4281 570 4332 sed
596 4279 817 4334 innumerabilia
841 4281 980 4349 quasdam
998 4295 1074 4335 nove
1094 4295 1127 4332 ex
1146 4276 1222 4332 omni
1241 4276 1317 4330 faece
1335 4274 1411 4330 urbis

233 4380 269 4418 ac
286 4364 401 4421 servitio
420 4365 571 4421 concitata.
608 4365 652 4420 De
670 4373 785 4436 tempore
803 4368 885 4420 liuius
903 4368 967 4427 leuis
991 4383 1014 4419 o.
1035 4366 1092 4420 Mo.
1117 4364 1149 4418 de
1168 4365 1226 4418 coll.
1247 4366 1357 4418 73-78.
1377 4393 1411 4403 -—

233 4448 264 4520 8)
285 4451 327 4518 Of.
349 4453 445 4508 Festus
465 4453 624 4509 Praeteriti.
645 4485 676 4494 -
703 4455 730 4525 9)
749 4455 812 4509 adit
829 4456 870 4509 uel
890 4455 971 4508 addit
989 4455 1062 4509 libri.
