3400 5250
317 364 379 430 186
769 359 817 416 SC.
837 360 1024 418 Ostorianum.

314 539 368 606 scd
404 544 436 604 et
459 539 626 623 Aegyptus
661 537 723 602 hoc
744 560 853 603 mense
876 538 910 602 in
933 543 1123 623 potestatem
1148 541 1258 623 populi
1285 539 1424 606 Romani
1446 563 1498 606 re-

315 645 408 708 dacta
438 645 482 708 sit
504 644 642 728 finisque
664 643 726 707 hoc
748 665 855 708 mense
878 643 971 708 bellis
995 643 1142 708 civilibus
1165 644 1337 728 inpositusv
1353 646 1414 724 sit,
1448 650 1498 710 at·

314 771 376 834 que
406 749 447 814 ob
480 749 538 814 has
562 771 672 814 causas
695 747 748 813 hic
771 749 888 815 mensis
912 748 989 813 huic
1012 749 1146 834 imperio
1169 749 1372 814 felicissimus
1397 751 1440 816 sit
1462 772 1499 815 ac

318 852 426 929 luerit,
450 853 575 937 placere
596 853 731 930 senatui,
755 857 792 917 ut
815 851 868 917 bic
892 854 1010 918 mensis
1037 854 1203 938 Augustus
1227 855 1430 938 appelletur1.

591 1061 592 1066 .
674 1028 726 1092 47.
763 1025 827 1094 Sc.
854 1031 900 1094 de
924 1029 1136 1114 collegiis,

397 1166 513 1242 (Capul
533 1185 568 1226 eu
581 1166 638 1227 SC.
661 1168 697 1227 dc
719 1169 850 1244 collegiis
872 1171 956 1228 tilulo
978 1171 1095 1243 collegii
1115 1169 1271 1228 Lanuuini
1291 1171 1433 1228 iuscrluul
1447 1175 1497 1247 cst,

315 1279 402 1334 qucuc
422 1265 568 1338 iulcprum
591 1282 617 1323 u.
638 1265 716 1322 inter
738 1265 866 1340 Nepotis
887 1283 952 1338 cup.
966 1265 1072 1324 XIII..
1102 1265 1239 1340 Augusto
1260 1265 1383 1328 tocSO.
1405 1267 1499 1326 cultri-

316 1361 378 1418 buil
398 1360 463 1419 Mo.
485 1360 520 1420 cle
541 1361 672 1433 collepiis
687 1379 720 1434 p.
737 1363 800 1432 81.)

616 1529 670 1592 48.
697 1526 761 1593 SC.
787 1527 1070 1593 Vellaeanunr
1095 1552 1121 1593 s.
1147 1529 1199 1592 46.

398 1665 564 1740 (Ulpianus
586 1665 704 1724 XXIX
724 1666 763 1724 cci
785 1659 942 1724 eduorum?
960 1663 1070 1724 Postea
1091 1664 1202 1724 facturn
1224 1668 1270 1724 est
1289 1663 1351 1735 se,
1365 1665 1499 1723 -cuius

315 1760 385 1821 sun
406 1762 496 1821 verba
516 1762 587 1820 haec
607 1765 678 1820 sunt
686 1764 705 1841 τ)

404 1858 494 1936 Quod
518 1859 562 1922 M.
588 1856 718 1922 Silanus
742 1861 773 1922 et
798 1855 976 1941 Vell(u)eus
1000 1857 1104 1921 Tutor
1126 1856 1207 1922 οοε.8
1236 1859 1333 1923 verbs
1355 1859 1500 1925 fecerunt

318 1964 356 2027 de
380 1963 633 2052 obligationibus
657 1963 865 2040 feminarum,
899 1985 980 2047 qnae
1004 1985 1061 2046 pro
1086 1963 1157 2027 aliis
1182 1964 1399 2043 resciissent,
1423 1964 1500 2049 quid

316 2069 353 2134 de
377 2091 414 2134 ea
437 2091 471 2132 re
494 2069 562 2133 fieri
587 2071 723 2152 oportet,

404 2175 442 2238 de
465 2195 502 2238 es
525 2196 560 2238 re
582 2174 630 2238 ita
652 2194 815 2237 censuere:
849 2173 934 2258 quod
958 2174 997 2237 ad
1021 2174 1236 2238 fideiussionis
1261 2178 1293 2238 et
1315 2173 1419 2238 mutui
1443 2174 1500 2238 ds-

239 2351 248 2359 ,
316 2279 419 2343 tiones
442 2301 500 2362 pro
524 2277 606 2357 aliis
631 2279 748 2363 quibus
764 2280 1002 2344 intercesserint
1018 2279 1165 2358 feminae,
1190 2280 1346 2364 pertinet:
1371 2281 1500 2344 tametsi

316 2388 390 2448 ante
414 2384 540 2449 videtur
555 2383 666 2448 italus
683 2384 803 2448 dictum
823 2406 900 2462 esse,
924 2406 964 2448 ne
980 2407 1016 2448 eo
1032 2385 1161 2448 nornine
1178 2385 1218 2448 ab
1234 2383 1285 2448 his
1300 2383 1415 2468 petitio
1432 2382 1499 2472 [sit]

255 2515 259 2528 ·
314 2511 393 2553 neve
416 2490 450 2552 in
473 2511 524 2553 ees
549 2489 633 2554 actio
658 2490 760 2568 detur,
784 2511 856 2554 cum
880 2511 932 2554 eas
956 2490 1103 2556 virilibus
1127 2489 1244 2555 officiis
1268 2489 1362 2574 fungi
1386 2490 1500 2554 eteius

315 2593 440 2678 generis
464 2592 722 2676 obligationibus
747 2593 907 2678 obstringi
931 2617 994 2658 non
1012 2594 1054 2658 sit
1070 2617 1217 2678 aequum,
1241 2595 1391 2659 arbitrari
1408 2617 1500 2660 sens·

315 2701 393 2776 tum,
418 2701 502 2762 recte
516 2702 614 2782 utque
631 2698 743 2763 ordine
759 2697 910 2775 facturos,
932 2699 971 2763 ud
989 2722 1068 2784 quos
1085 2699 1122 2764 de
1139 2723 1175 2765 ea
1192 2700 1273 2765 rein
1292 2701 1361 2765 iure
1378 2701 1501 2764 aditum

316 2802 387 2880 erit,
411 2802 438 2866 si
460 2801 605 2865 dederint
628 2824 767 2886 operam,
791 2803 881 2867 utin
907 2825 944 2869 ec
967 2825 1001 2867 re
1024 2808 1155 2870 senatus
1180 2807 1327 2870 voluntas
1344 2811 1498 2872 servetur.

474 2951 476 2956 Ι
554 2979 605 3042 49.
642 2977 706 3043 Sc.
732 2978 1011 3044 Ostorianum
1036 2981 1124 3064 (unte
1147 3003 1174 3044 c.
1199 2981 1264 3063 47).

386 3113 554 3183 [consulum
573 3117 623 3168 sub
641 3115 739 3184 quibus
757 3116 907 3168 consultum
920 3117 1094 3184 factumest,
1114 3118 1192 3184 pulos·
1212 3133 1264 3185 quo
1283 3118 1390 3169 nornine
1402 3116 1501 3184 fuerit,

311 3219 413 3270 purum
437 3203 527 3272 liquet.
568 3203 635 3256 Cum
652 3204 683 3256 iu
702 3202 725 3257 1.
735 3205 806 3270 3,8,3
825 3205 956 3272 scriplum
976 3206 1028 3258 sil:
1055 3203 1133 3267 soto,
1155 3204 1228 3272 quod
1249 3203 1411 3258 ClaudisnIs
1431 3205 1502 3258 tem·

315 3289 432 3360 poribus
451 3291 559 3344 factum
578 3293 621 3346 ast
640 3287 730 3346 Suillo
747 3289 820 3347 ltulo
838 3293 867 3346 ct
885 3292 995 3348 Ostorio
1014 3291 1136 3363 Scapula
1159 3309 1223 3355 cos,
1242 3293 1354 3345 cilitium
1373 3298 1421 3358 esi,
1440 3298 1502 3345 utro

316 3380 371 3434 loco
396 3385 515 3434 errulum
541 3381 588 3434 sil.
626 3378 698 3432 Sulci
720 3379 859 3448 prcuscrri
884 3397 937 3448 quo
963 3381 1148 3436 institutiones
1174 3381 1277 3434 ducunt
1296 3379 1394 3434 Suillii
1408 3395 1503 3433 uorlreu

317 3467 486 3536 crediturque
503 3483 560 3522 csse
577 3468 603 3520 is
622 3468 670 3535 qui
688 3469 798 3538 saepius
817 3475 1037 3523 comucclucrulur
1056 3469 1131 3538 apud
1144 3469 1268 3522 Iucilum
1287 3469 1336 3522 sut
1349 3468 1455 3521 uoluiuc
1468 3467 1503 3520 P.

317 3553 423 3615 Sutilis,
452 3554 569 3608 Suillius
588 3555 683 3620 Rufus
708 3557 860 3624 appellatus
879 3557 955 3625 uprud
973 3557 1098 3610 Plinium
1116 3557 1141 3611 lc.
1161 3574 1187 3608 u.
1207 3559 1306 3620 7,5,39‚
1332 3555 1367 3608 Ρ.
1384 3553 1526 3608 Suillius.

317 3641 413 3709 Rufus
432 3643 526 3695 consul
544 3644 600 3695 loco
618 3643 734 3714 secuudo
752 3643 840 3712 (prior
858 3643 945 3710 derisu
959 3644 1049 3712 lupide
1060 3644 1152 3712 rupto)
1174 3645 1202 3696 in
1215 3644 1292 3695 tilulo
1308 3642 1413 3695 urtone
1427 3641 1503 3696 Mur.

315 3732 394 3795 304,4
406 3750 442 3774 =
452 3727 479 3784 C.
490 3729 515 3781 Ι.
524 3728 557 3782 L.
572 3729 760 3795 V1,u.24729.
789 3729 897 3784 Scires
907 3748 1024 3798 prorsus
1037 3733 1147 3784 incerta.
1167 3728 1217 3782 ΤΗ.
1232 3728 1279 3798 n]
1312 3729 1412 3782 (loulru
1426 3727 1502 3782 (Isio-

407 3905 433 3970 1)
454 3903 542 3959 Matr.
561 3905 649 3958 uidit:
677 3904 747 3958 ltem
766 3903 947 3973 plebiscitum
966 3905 1073 3958 facturn
1091 3903 1129 3958 ob
1147 3903 1265 3956 eundern
1284 3919 1345 3957 rem
1363 3900 1424 3956 Ser.
1444 3901 1503 3957 Pa-

319 3991 399 4046 cuvio
418 3993 453 4044 tr.
473 3989 513 4059 pl.
532 3995 660 4058 rogante.
689 4023 719 4030 —
750 3992 779 4059 2)
799 3991 836 4043 D.
857 3996 979 4058 16,r‚2,1.
1007 4021 1040 4030 -—
1067 3991 1095 4060 3)
1123 3990 1256 4044 Valerium
1273 3991 1437 4057 Asiaticum,
1456 3991 1505 4058 qui

316 4096 376 4133 cum
395 4077 435 4134 M.
456 4078 552 4132 Silcuo
571 4096 595 4132 u.
614 4081 649 4131 46
667 4080 762 4132 consul
774 4079 844 4146 suit,
863 4095 926 4132 uros
945 4095 973 4132 se
991 4078 1133 4132 abdicasse
1151 4078 1208 4130 Dio
1220 4080 1300 4143 60,27
1318 4084 1422 4132 ircirut.
1453 4078 1504 4131 Cui

316 4165 458 4234 suffectum
486 4181 542 4218 esse
570 4164 600 4233 Q.
620 4164 773 4233 Sulpicium
794 4164 966 4218 Cuurcrinuul
994 4171 1107 4234 apparel
1129 4181 1162 4218 ecc
1186 4163 1271 4218 edicto
1298 4163 1409 4217 Claudii
1425 4164 1505 4230 infru

316 4270 375 4323 cup.
399 4251 460 4306 VII
479 4253 571 4308 relclo.
608 4252 703 4307 Huius
726 4254 757 4306 iu
776 4253 864 4307 locuuc
892 4254 944 4306 lul.
970 4254 1053 4308 Iuliis
1072 4253 1234 4306 successisse
1252 4251 1358 4304 uidetur
1382 4252 1503 4306 Vellncus

317 4341 369 4409 (iio
387 4341 458 4394 enim
476 4341 525 4394 lroc
543 4357 638 4394 lroucu
658 4340 827 4394 scribcudum
845 4343 893 4406 est)
911 4342 946 4408 is,
965 4360 983 4395 u
1002 4358 1054 4408 quo
1073 4339 1222 4393 clericulum
1240 4345 1279 4392 cst
1290 4339 1449 4392 cucculum
1466 4356 1506 4393 se-

317 4429 517 4482 natusconsulti
536 4429 570 4482 ab
589 4428 748 4483 auctoribus
766 4434 906 4497 receptum.
