3400 5254
294 357 335 420 74
756 353 1020 410 Pseudo-Asconius.

120 621 123 626 ἡ
381 530 474 612 ἓ52.
511 529 726 595 Sectorem
750 568 792 578 -
818 532 896 596 dicit
920 533 1159 596 aestimatorem
1182 533 1481 619 redemptoremque

221 729 224 734 Ι
294 635 450 699 bonorum
475 635 618 698 damnati
642 639 739 718 atque
763 637 943 721 proscripti,
976 637 1031 721 qui
1055 657 1142 720 spem
1166 641 1289 702 sectans
1312 639 1479 717 iperiani,

294 741 326 804 id
351 744 399 805 est
422 745 551 806 secutus
575 761 663 824 spem
688 741 920 806 aestimationis
944 763 1030 819 suae,
1053 740 1138 804 bona
1153 742 1259 806 omnis
1281 765 1315 807 re
1330 745 1480 809 auctione

294 845 433 924 vendit¹‚
459 849 491 908 et
514 846 612 910 semel
634 846 735 911 infert
758 848 927 932 pecuniam,
948 847 998 911 vel
1021 847 1142 910 aerario
1166 847 1215 911 vel
1230 848 1331 912 sociis.
1361 849 1475 930 (172.)

383 951 400 1034 ᾖ
426 951 477 1015 60.
523 949 690 1014 Moris-
716 953 780 1016 fuit
802 974 1062 1036 unumquemque
1093 953 1295 1018 domesticam
1319 953 1479 1017 rationem

293 1056 356 1120 sibi
380 1056 480 1120 totius
504 1056 590 1120 vitae
613 1079 688 1121 suae
711 1080 767 1140 per
784 1057 850 1122 dies
866 1058 1011 1142 singulos
1029 1057 1174 1136 scribere,
1200 1080 1263 1141 quo
1280 1053 1478 1142 appareret²‚

297 1162 373 1245 quid
398 1161 533 1245 quisque
556 1161 595 1224 de
618 1163 773 1226 reditibus
797 1163 873 1238 suis,
898 1163 975 1246 quid
998 1163 1035 1226 de
1059 1166 1136 1240 arte,
1160 1163 1268 1226 fenore
1283 1164 1411 1228 lucrove
1427 1187 1480 1228 se-

294 1266 453 1350 posuisset
466 1266 490 1344 ⁸,
515 1269 548 1330 et
571 1289 634 1350 quo
658 1267 717 1345 die,
742 1268 873 1351 etquid
897 1269 972 1332 item
998 1272 1145 1350 sumptus
1169 1268 1314 1331 damnive
1337 1267 1478 1333 fecisset.

296 1371 357 1436 Sed
390 1375 561 1455 postquam
593 1371 800 1457 obsignandis
828 1372 945 1436 litteris
969 1394 1096 1436 reorum
1120 1395 1157 1435 ex
1180 1371 1245 1435 suis
1269 1371 1402 1455 quisque
1426 1377 1480 1437 ta-

294 1476 379 1542 bulis
412 1477 558 1540 damnari
590 1477 709 1559 coepit,
743 1478 782 1540 ad
807 1482 950 1541 nostram
974 1477 1158 1540 memoriam
1193 1480 1261 1540 tota
1285 1476 1361 1540 haec
1385 1482 1480 1541 vetus

263 1649 268 1658 ,
294 1582 490 1646 consuetudo
514 1581 661 1646 cessavit.
709 1584 813 1664 (175.)

386 1685 402 1768 ἓ
428 1687 478 1752 61.
528 1683 671 1749 Sectores
695 1685 772 1749 dicti
796 1691 881 1762 sunt,
906 1686 961 1768 qui
984 1708 1072 1768 spem
1095 1686 1175 1749 lueri
1199 1686 1247 1750 sui
1270 1686 1368 1750 secuti
1394 1687 1482 1751 bona

295 1792 580 1854 condemnatorum
604 1790 701 1854 semel
724 1789 1001 1868 auctionabautur,
1026 1813 1146 1876 proque
1169 1791 1220 1854 his
1236 1792 1383 1874 pecunias
1400 1815 1480 1874 pen-

294 1897 440 1961 sitabant
472 1895 619 1980 [populo]
645 1896 781 1980 singulis
805 1894 932 1979 postea⁴
960 1918 1017 1979 pro
1041 1897 1227 1979 compendio
1251 1917 1309 1960 suo
1332 1896 1481 1980 singulas

293 2024 436 2086 quasque
459 2024 509 2066 res
533 2001 683 2084 pecunia⁶
707 2001 877 2065 vendituri.
925 2002 1031 2083 (177.)

382 2108 399 2190 ᾗ
425 2108 476 2171 91.
512 2105 602 2170 Inter
625 2107 827 2190 syngraphas
852 2110 883 2170 et
899 2111 1004 2170 cetera
1019 2106 1236 2190 chirographa
1252 2106 1311 2170 hoc
1328 2108 1477 2187 interest,

294 2213 379 2296 quod
410 2213 443 2276 in
467 2213 580 2276 ceteris
604 2215 731 2274 tanturn
757 2233 838 2295 quae
861 2215 951 2294 gesta
974 2214 1051 2274 sunt
1073 2210 1167 2275 scribi
1194 2211 1312 2290 solent,
1343 2211 1374 2274 in
1399 2235 1480 2296 syn·

294 2318 426 2402 graphis
460 2317 555 2381 etiam
580 2320 694 2380 eontra
717 2316 809 2379 fidem
835 2316 980 2379 veritatis
1004 2317 1109 2398 pactio
1134 2315 1240 2393 venit3
1273 2323 1305 2379 01
1328 2339 1392 2380 non
1415 2340 1480 2381 nu-

293 2427 415 2487 merata
446 2443 571 2506 quoque
600 2421 735 2504 pecunia
763 2424 819 2484 aut
842 2442 907 2484 non
930 2421 1056 2504 integre
1079 2425 1246 2484 numerata
1269 2443 1328 2504 pro
1351 2426 1480 2505 tempo·

294 2529 380 2592 raria
404 2528 571 2592 voluntate
594 2527 762 2590 hominum
786 2525 882 2590 scribi
906 2527 1009 2590 solent
1032 2548 1119 2590 more
1142 2527 1354 2610 institutoque
1380 2527 1482 2592 Grae·

294 2657 412 2698 corum.
459 2632 503 2696 Et
526 2637 649 2697 ceterae
681 2631 811 2696 tabulae
835 2632 877 2695 ab
906 2654 969 2695 una
992 2636 1084 2714 parte
1107 2635 1227 2694 servari
1251 2631 1368 2709 solent,
1401 2653 1480 2714 syn·

293 2739 438 2824 graphen
472 2739 639 2821 utriusque
669 2759 766 2800 manu
792 2733 986 2820 [signatam]
1011 2736 1139 2819 utrique
1162 2735 1247 2818 parti
1272 2736 1480 2800 servandam⁶

293 2844 435 2908 tradunt.
482 2845 587 2925 (184.)

382 2949 400 3031 ᾗ
428 2949 497 3012 114.
545 2945 769 3029 ‘Posteaquam
803 2945 852 3008 ius
883 2945 1079 3027 praetorium
1115 2944 1280 3022 constitit,
1310 2981 1352 2990 —
1382 2948 1477 3027 quasi

293 3054 432 3118 diceret:
456 3056 529 3136 post
552 3051 712 3116 conditam
736 3050 847 3114 urbem
872 3047 1018 3128 1101110111,
1042 3054 1113 3113 aut:
1139 3055 1210 3132 post
1225 3049 1391 3113 hominurn
1408 3073 1479 3114 me·

294 3160 440 3238 moriam,
465 3182 502 3222 ex
526 3180 589 3242 quo
615 3158 735 3221 estius
759 3155 965 3240 praetorium.
1012 3154 1118 3236 (190.)

381 3265 398 3347 ξ
426 3264 497 3328 114.
542 3263 612 3327 Lis
636 3262 929 3326 vindiciarum
953 3263 1011 3337 est,
1043 3281 1112 3322 cum
1139 3259 1288 3342 litigatur
1312 3259 1349 3322 de
1372 3281 1410 3324 ea
1433 3284 1480 3340 re,

293 3371 382 3434 euius
407 3370 489 3453 apud
515 3372 695 3451 praetorem
720 3365 895 3430 incertum⁷
919 3366 1061 3449 estquis
1085 3364 1198 3430 debeat
1214 3386 1280 3428 esse
1297 3387 1479 3447 possessor;

293 3477 428 3549 0111100,
455 3475 509 3557 qui
535 3495 602 3536 eam
628 3477 726 3548 tenet,
750 3471 805 3534 dat
829 3492 887 3553 pro
910 3470 1026 3553 praede
1050 3469 1116 3533 litis
1141 3455 1349 3533 vindiciarum
1365 3470 1478 3534 adver·

293 3581 377 3644 sario
410 3603 483 3657 0110,
517 3600 580 3663 quo
612 3575 661 3640 illi
685 3575 865 3639 satisfaciat
890 3575 973 3639 nihil
1004 3598 1037 3639 se
1060 3559 1199 3639 deterius
1222 3576 1255 3639 in
1279 3576 1480 3658 possessione

292 3687 470 3762 facturum,
504 3685 542 3748 de
566 3706 629 3768 qua
651 3680 793 3765 iurgium
817 3686 909 3759 esset,
943 3701 1053 3744 rursus
1077 3680 1245 3764 sponsione
1268 3680 1336 3762 ipse
1358 3701 1477 3762 provo·

293 3794 384 3854 catur
417 3790 456 3853 ab
486 3790 668 3852 adversario
701 3791 823 3850 certare
855 3809 996 3871 pugnam
1030 3791 1086 3850 aut
1121 3785 1365 3863 aestimatione,
1399 3787 1477 3870 quid

293 3897 424 3960 amittat
446 3897 479 3958 ni
504 3915 561 3958 sua
585 3895 626 3956 sit
650 3892 819 3969 hereditas
846 3893 884 3956 de
909 3913 972 3975 qna
995 3889 1186 3956 contendit⁵.
1226 3889 1379 3953 ‘Praedes'
1399 3913 1478 3977 ergo

366 4088 391 4152 l)
412 4086 582 4153 Corruptum.
619 4082 748 4137 Fortasse
767 4082 896 4137 auctione
915 4082 1064 4151 redempta
1083 4079 1189 4136 vendit.
1209 4109 1243 4120 -·
1262 4079 1289 4150 2)
1306 4079 1337 4133 in
1355 4097 1409 4149 quo
1429 4097 1479 4150 ap·

292 4176 376 4243 paret
395 4174 466 4227 libri.
497 4203 529 4211 -
554 4169 582 4240 3)
601 4174 724 4240 seposset
742 4173 812 4224 libri.
835 4202 869 4210 —
887 4173 971 4240 4)11’0
991 4171 1082 4235 Orelli,
1102 4169 1286 4240 pensitabant
1304 4167 1423 4237 singulis
1443 4187 1476 4225 ac

293 4261 447 4331 impostera
466 4261 537 4314 libri.
558 4291 590 4300 -
617 4259 646 4314 51
665 4277 709 4314 100
727 4258 846 4329 pecunia
867 4259 958 4326 Orelli,
980 4259 1111 4329 pecunias
1130 4259 1201 4311 libri.
1223 4289 1252 4296 —
1274 4257 1300 4324 6)
1320 4256 1391 4311 solet
1410 4273 1475 4324 eyn·

295 4349 404 4418 grapho
423 4349 605 4416 neutriusque
633 4365 719 4402 manu
739 4346 852 4416 utrique
870 4349 947 4418 parti
970 4347 1141 4402 seruandum
1161 4346 1231 4398 libri.
1262 4375 1292 4384 -
1322 4345 1476 4408 7100111111

297 4436 367 4488 libri.
387 4464 417 4473 --
440 4434 468 4503 8)
487 4436 552 4488 baec
570 4442 707 4503 corrupto.
