3400 5254
306 396 348 462 20
845 395 950 452 Festus.
1028 397 1030 402 ’

283 577 406 653 eninr,
442 596 521 656 quoe
550 599 570 640 o
595 577 673 640 duee
696 577 823 658 copim]
856 599 921 640 non
944 577 1018 655 sint,
1049 579 1088 642 ad
1111 579 1220 644 aedem
1243 577 1343 644 Iovis²
1366 579 1495 646 Feretri

304 682 390 766 poni,
413 681 599 746 testimonio
623 703 691 746 esse
723 681 822 745 libros
846 682 1043 766 pontificum,
1066 683 1100 747 in
1124 683 1239 768 quibua
1255 685 1310 749 sit:
1334 685 1406 754 ‘Pro
1421 687 1495 770 pri·

303 788 363 852 mis
386 786 498 870 spoliis
522 785 634 864 bove⁸‚
668 808 727 870 pro
750 787 897 851 secundia
920 787 1165 867 solitaurilibus,
1195 811 1253 874 pro
1276 791 1379 856 tertiis
1403 813 1494 878 agno

303 891 445 976 publice⁴
470 891 540 956 fieri
564 891 711 967 debere';
743 913 810 954 esse
833 891 928 955 etiam
954 891 1090 976 Pompili
1113 895 1214 979 regis⁶
1238 897 1340 980 legem
1364 899 1493 980 opimo·-

302 1021 373 1062 rum
404 998 579 1081 spoliorum
612 995 729 1060 talem:
763 995 872 1060 ‘Cuius
908 998 1049 1081 auspicio
1072 998 1171 1064 classe
1193 1002 1357 1084 procincta
1380 1003 1493 1087 opima.

302 1103 406 1187 spolia
428 1103 611 1184 capiuntur,
636 1098 704 1164 Iovi
721 1099 867 1164 Feretrio
883 1101 988 1165 darier
1003 1108 1159 1186 oporteat,
1176 1110 1208 1170 et
1223 1105 1335 1170 bovem
1352 1107 1491 1186 caedito.

303 1209 359 1294 qui
381 1209 466 1291 cepit
488 1207 569 1272 aeris
593 1204 659 1279 Οὓς
694 1205 832 1270 secunda
859 1207 978 1290 spolia,
1011 1209 1044 1271 in
1068 1209 1182 1274 Martis
1205 1233 1291 1274 aram
1315 1210 1350 1274 in
1373 1235 1493 1296 campo

302 1312 494 1379 solitaurilia
526 1317 599 1377 utra
634 1311 773 1376 voluerit
805 1313 947 1386 caedum
982 1315 1077 1378 tertia
1099 1313 1211 1398 spolia,
1236 1313 1328 1379 lanui
1352 1316 1493 1390 Quirino

302 1440 421 1504 agnum
443 1439 564 1482 marem
588 1417 724 1494 caedito,
748 1414 772 1480 Ο
798 1415 854 1500 qui
878 1417 997 1499 ceperit
1020 1439 1058 1484 ex
1082 1441 1155 1484 aare
1177 1420 1260 1484 dato.
1307 1419 1406 1485 (luins
1427 1437 1491 1486 au*

301 1525 400 1608 spicio
425 1529 527 1607 capta,
553 1523 600 1586 dis
624 1522 789 1605 piaculum
812 1522 926 1585 dat0.‘⁶
972 1523 1009 1586 L.
1034 1527 1106 1589 186.
1130 1528 1203 1591 189.

302 1627 496 1713 Optima⁷
521 1629 588 1690 lex
613 1677 644 1693 ..
670 1626 704 1690 in
726 1627 884 1712 magistro
906 1627 1015 1710 populi
1040 1628 1194 1707 faciendo,
1218 1631 1274 1714 qui
1296 1631 1394 1717 vulgo
1418 1634 1489 1696 dic·

304 1741 395 1799 tatur
418 1733 608 1817 appellatur,
632 1753 728 1815 quam
752 1731 971 1816 plenissimum
993 1737 1101 1816 posset
1115 1735 1247 1800 ius-eius
1263 1757 1338 1815 esse,
1358 1738 1490 1822 signifi-

300 1839 451 1905 cabatur⁸
477 1863 534 1911 -ς
567 1837 758 1921 postquam⁹
790 1859 865 1902 vero
889 1840 1072 1920 provocatio
1105 1840 1145 1904 ab
1168 1862 1205 1904 eo
1228 1841 1420 1925 magistratu
1443 1845 1488 1908 ad

301 1946 455 2030 populum
480 1943 590 2008 data¹⁰
614 1948 674 2021 est,
705 1965 786 2026 quae
809 1947 883 2006 ante
909 1965 973 2006 non
997 1949 1075 2020 erat,
1100 1945 1237 2008 desitum
1256 1953 1309 2010 »est
1332 1948 1413 2011 adici
1437 1952 1493 2012 ‘ut

301 2047 438 2134 optima⁷
463 2051 544 2133 lage,
568 2052 681 2132 utpote
706 2047 878 2112 imminuto
901 2048 971 2110 iure
993 2049 1135 2130 priorum
1159 2051 1397 2136 magistrorum.
1442 2055 1488 2118 L..

299 2159 373 2219 198.
398 2191 440 2201 —-
466 2153 523 2218 ‘Ut
546 2145 601 2237 qui
625 2154 789 2236 optima
812 2153 884 2238 lege
901 2152 1030 2216 fuerint'
1054 2152 1136 2218 adici
1151 2155 1241 2233 solet,
1265 2178 1336 2220 curn
1353 2158 1489 2242 quidam.

300 2262 507 2348 magistratus
531 2263 680 2322 creantur
808 2257 846 2320 L.
871 2261 943 2322 189.
968 2335 970 2338 ¹

300 2365 434 2432 Orare
458 2364 583 2447 antiqui
607 2363 757 2426 dixerunt
782 2384 840 2444 pro
866 2381 978 2446 agere3
1004 2363 1088 2426 unde
1110 2368 1142 2427 et
1158 2369 1300 2430 oratores
1315 2388 1481 2432 causarum

300 2475 431 2549 actores,
455 2473 487 2533 et
511 2472 664 2545 oratores,
690 2468 746 2550 qui
769 2487 855 2529 nunc
872 2466 981 2550 legati,
1007 2467 1090 2550 quod
1109 2468 1152 2532 rei
1170 2469 1315 2551 publicae
1331 2472 1491 2537 mandata

298 2580 500 2660 peragerent.
548 2575 586 2637 P.
611 2577 683 2637 199.
724 2570 795 2653 (Cf.
819 2571 858 2634 L.
882 2570 1014 2654 198.11)

300 2678 326 2743 Ο
338 2703 355 2743 r
367 2681 407 2743 di
420 2701 440 2742 n
452 2703 470 2743 a
482 2701 497 2742 r
509 2679 520 2742 i
532 2701 552 2742 u
565 2701 597 2741 m
618 2675 790 2740 'hominem
823 2673 946 2758 Oppius
977 2677 1023 2740 ait
1046 2676 1108 2742 dici
1131 2677 1261 2742 solitum
1283 2701 1425 2746 scurram
1449 2687 1491 2745 et.

299 2784 495 2866 improbum,
529 2784 583 2866 qui
608 2781 739 2844 adsidue
761 2780 795 2842 in
819 2779 933 2844 litibus
958 2786 1153 2861 moraretur,
1186 2781 1227 2848 ob
1251 2807 1382 2869 eamque
1405 2807 1488 2850 cau-

299 2911 366 2952 sam
399 2889 433 2952 in
463 2888 575 2951 ordine
606 2888 708 2950 staret
737 2884 923 2949 adeuntium
952 2891 1141 2969 praetorem.
1165 2925 1208 2933 —
1231 2889 1271 2954 F.
1298 2894 1370 2954 182.
1409 2889 1489 2971 (Cf.

299 2996 336 3060 L.
361 2998 451 3076 185.)
1169 3051 1172 3057 ,
1358 3057 1361 3063 .

299 3099 418 3165 Ordo
441 3097 641 3162 sacerdotum
668 3095 856 3159 aestimatur
879 3096 1009 3160 deorum
1042 3095 1178 3182 [ordina
1201 3105 1237 3162 ut
1259 3097 1353 3184 deus]
1377 3101 1486 3168 maxi·

297 3229 368 3270 mus
391 3206 533 3290 quiaque.
580 3202 743 3268 Maximus
769 3200 896 3265 videtur
918 3224 984 3279 rex,
1009 3202 1081 3266 dein
1105 3201 1269 3281 Dialis¹²‚
1299 3207 1373 3287 post
1394 3202 1488 3270 huno·

298 3311 465 3390 Martialis
490 3313 606 3394 quarto
631 3308 699 3372 loco
720 3307 907 3386 Quirinalia,
932 3308 1046 3392 quinto
1071 3307 1216 3392 pontifex
1240 3310 1413 3386 maximus3
1436 3346 1480 3356 -

298 3417 441 3499 pontifex
471 3415 644 3491 maximus,
679 3412 804 3498 quod18
832 3413 926 3476 iudex
951 3416 1047 3496 atque
1071 3413 1190 3478 arbiter
1212 3414 1350 3478 habetur
1372 3413 1484 3478 rerum

297 3521 476 3585 divinarum
498 3519 781 3601 humanarumque.
827 3518 866 3582 L.
889 3522 962 3585 185.
1332 3591 1333 3595 ¹

298 3624 534 3690 Osculana
564 3645 721 3709 pugna
752 3625 786 3686 in
810 3624 991 3706 proverbia,
1026 3646 1088 3708 quo
1112 3624 1355 3710 significabatur
1378 3625 1486 3690 victos

298 3731 431 3808 vincere,
456 3767 507 3794 -.
547 3728 923 3813 Significaturssetiam¹⁴
950 3729 1099 3792 osculo
1122 3729 1303 3808 savium¹⁵‚
1328 3765 1368 3776 —
1393 3731 1481 3812 quod

319 4017 321 4022 ,
369 3957 394 4027 1)
412 3958 518 4010 letatum
536 3957 646 4024 siccant
666 3955 724 4024 QR.
765 3953 1360 4022 Of.Hertaberp,Plrilol.1846,331-339.
1388 3985 1420 3993 -
1449 3956 1487 4024 2))

295 4045 338 4098 ius
357 4044 450 4113 ς),-
477 4044 505 4114 3)
525 4043 625 4098 bovem
645 4043 771 4096 traditur.
801 4072 834 4112 .-
858 4035 891 4106 ’4)
911 4055 991 4094 sacra
1008 4043 1059 4095 ins.
1079 4041 1113 4096 R.
1144 4073 1175 4080 -
1200 4043 1229 4110 5)
1248 4041 1378 4114 compelli
1396 4041 1486 4118 'reges

295 4133 422 4187 traditor.
444 4162 477 4170 -
496 4131 523 4201 6)
542 4130 589 4184 Sic
601 4131 680 4184 libri:
699 4131 908 4184 emendationem
925 4145 949 4182 o.
963 4134 1023 4182 tom.
1039 4129 1060 4182 I
1069 4146 1099 4198 p.
1110 4132 1180 4204 819
1198 4147 1224 4205 a.
1234 4135 1257 4183 1.
1277 4159 1311 4204 ᾗ
1330 4129 1356 4198 1)
1376 4129 1479 4198 Opima

296 4221 331 4280 R.
352 4250 383 4260 —
403 4219 431 4288 8)
450 4219 523 4286 sign.
543 4205 601 4272 e'sse
620 4217 709 4286 18,-
732 4219 759 4285 9)
778 4217 997 4286 propterquam
1018 4217 1152 4284 traditum
1170 4217 1268 4292 emend.
1289 4218 1360 4286 Acp.
1378 4245 1412 4256 -
1434 4217 1486 4292 10)-

295 4307 374 4362 dicta
393 4307 520 4360 traditur.
542 4335 574 4344 -
596 4306 638 4374 11)
658 4303 736 4358 Festi
754 4305 841 4376 locum
859 4303 1034 4372 decomptores
1050 4304 1250 4372 perturbarunt.
1289 4303 1330 4372 Of.
1347 4302 1484 4380 Oratores

296 4395 332 4450 F.
345 4398 405 4450 182.
424 4425 459 4433 —
481 4394 522 4463 12)
541 4391 643 4462 deinde
656 4393 716 4445 alu·
736 4392 768 4461 Q.
789 4421 821 4430 -
843 4383 888 4460 13)
907 4391 1085 4460 maximoque
1098 4391 1127 4460 Q.
1143 4421 1173 4430 -
1191 4393 1234 4459 14)
1245 4391 1386 4460 significat
1399 4394 1427 4444 et
1440 4391 1486 4446 R.

295 4514 329 4523 -
349 4483 393 4552 15)
411 4481 534 4538 osculum
554 4482 683 4536 suarium
703 4481 773 4551 R„
832 4546 834 4551 .
909 4545 910 4550 Ἰ
