3386 5240
312 352 356 418 34
721 347 807 416 Leges
826 348 879 402 ΧΠ
900 347 1073 402 tabularum.

400 527 452 590 25.
484 524 597 601 Gaius
620 525 640 588 l.
657 523 682 586 I
688 524 770 588 Vari
786 523 869 587 XII
880 527 940 590 iub.
958 526 1013 606 (D.
1028 531 1203 605 50,16,236
1212 526 1296 611 prul:
1320 527 1492 604 661666-

313 654 388 696 num
405 629 491 708 dicit,
515 629 637 693 adicere
660 629 762 708 debet,
786 633 894 692 utrum
917 630 1036 694 malum
1053 653 1093 694 an
1110 631 1344 706 bonumrnam
1369 636 1401 697 et
1424 655 1491 696 me·

313 738 490 802 dicamenta
512 755 632 800 venena
650 738 734 799 sunt.

401 842 451 908 26.
497 841 596 905 Latro
620 840 706 925 (decl.
728 837 935 923 16061191
959 839 1024 904 XII
1040 841 1105 905 tab.
1130 846 1258 904 cautum
1274 863 1341 906 esse
1355 863 1490 926 cognos-

312 950 422 1027 cimus,
446 946 563 1030 nequi
586 945 620 1008 in
642 943 720 1009 urbe
743 948 850 1008 coetus
874 949 1046 1010 nocturnos
1072 945 1221 1030 agitaret.

401 1053 453 1117 27.
501 1051 605 1116 Gaius
629 1052 648 1116 1.
673 1049 698 1114 I
704 1050 733 1114 V
751 1051 794 1115 ud
817 1049 900 1114 XII
919 1051 980 1116 iub.
1005 1049 1059 1132 (D.
1083 1051 1252 1136 47‚22,4):
1276 1051 1336 1116 His
1360 1050 1491 1136 (sodali-

313 1157 386 1244 bus)
409 1160 600 1241 potestatem
622 1155 700 1220 facit
722 1155 774 1220 lex
798 1153 872 1240 (ΧΠ
890 1155 981 1248 1611),
1005 1157 1185 1240 pactionem
1201 1180 1298 1241 quam
1314 1157 1414 1222 velint
1430 1157 1492 1222 sibi

313 1264 410 1343 ferre,
442 1264 518 1327 dum
539 1284 580 1326 ne
602 1261 679 1345 quid
701 1283 740 1326 ex
762 1261 891 1345 publiea
914 1262 983 1346 lege
1006 1267 1229 1346 corrumpant;
1261 1262 1315 1326 sed
1338 1262 1416 1327 haec
1440 1263 1490 1326 lex

313 1370 499 1456 videtur-ex
522 1367 592 1452 lege
614 1364 739 1430 Solonis
762 1367 922 1430 translata
945 1387 1022 1430 esse.

747 1558 924 1626 TABULA
947 1559 1055 1626 VIIII.

404 1704 432 1767 1.
457 1703 486 1766 2.
537 1701 598 1766 Cic.
623 1702 672 1786 (de
688 1702 742 1784 leq.
759 1707 882 1780 3‚4,11;
907 1702 1030 1788 19,44):
1055 1701 1239 1784 ‘Privilegia
1255 1721 1294 1766 ue
1309 1700 1491 1783 inroganto.

314 1805 362 1870 De
385 1805 488 1889 capite
511 1806 588 1870 civis
611 1805 673 1868 nisi
704 1826 761 1888 per
789 1805 964 1868 maximum
994 1806 1193 1870 comitiatum
1215 1843 1257 1850 -
1281 1827 1321 1868 ne
1344 1804 1492 1868 ferunto'.

313 1947 357 1956 -
379 1909 478 1994 Leges
502 1909 771 1993 praeclarissimae
795 1909 834 1972 de
855 1909 919 1974 XII
942 1909 1060 1974 tabulis
1084 1911 1221 1975 tralatae
1244 1910 1334 1987 duae,
1358 1931 1493 1993 quarum

315 2015 416 2078 altera
438 2014 607 2098 privilegia
630 2014 729 2092 tollit,
755 2014 855 2078 altera
880 2015 1037 2098 decapite
1060 2015 1137 2079 civis
1154 2015 1261 2100 rogari
1276 2015 1338 2078 nisi
1355 2014 1493 2078 maximo

314 2119 482 2184 comitiatu
506 2123 601 2184 vetat.

403 2225 433 2288 3.
481 2222 604 2288 Gellius
627 2220 780 2307 (20‚1‚7):
804 2223 916 2286 duram
931 2244 998 2287 esse
1016 2223 1119 2308 legem
1136 2214 1240 2306 putas,
1262 2245 1344 2308 quae
1358 2223 1493 2288 iudicem

315 2329 510 2392 arbitrumve
540 2328 608 2392 iure
639 2328 766 2405 datum,
799 2327 855 2410 qui
885 2329 1016 2393 obrem
1041 2327 1301 2415 [iu]dio[a]ndam
1327 2329 1493 2412 pecuniam

314 2434 470 2517 accepisse
493 2433 656 2498 convictus
680 2437 737 2510 est,
764 2433 868 2516 capite
891 2433 1065 2516 poenitur?

401 2540 431 2602 4.
478 2538 673 2618 Pomponius
697 2535 844 2600 enchirid.
869 2535 924 2618 (D.
949 2540 1132 2619 1‚2,2,23):
1164 2542 1348 2622 quaestores
1372 2577 1415 2586 -
1439 2539 1493 2623 qui

314 2643 503 2725 capitalibus
527 2641 620 2705 rebus
642 2645 836 2725 praeessent,
862 2679 903 2688 -
927 2641 1172 2726 appellabantur
1188 2648 1372 2726 quaestores
1387 2643 1491 2726 parri·

313 2747 396 2812 cidii.
422 2768 557 2828 quorum
580 2745 677 2810 etiam
699 2746 847 2810 meminit
869 2747 920 2810 lex
943 2745 1005 2810 XII
1029 2746 1093 2810 tab.

403 2853 432 2917 5.
479 2851 669 2935 Marcianus
693 2849 749 2934 (D.
774 2849 907 2933 48,4,3):
940 2849 1004 2913 Lex
1027 2849 1090 2913 XII
1113 2851 1177 2916 tab.
1210 2851 1299 2914 iubet
1322 2873 1403 2929 eum,
1436 2852 1492 2933 qui

313 2957 438 3021 hostem
461 2957 667 3021 concitaverit
691 2956 784 3040 quive
808 2957 908 3021 civem
931 2954 1017 3018 hosti
1040 2955 1216 3034 tradiderit,
1241 2956 1345 3039 capite
1369 2955 1486 3038 puniri.
1556 2979 1561 2990 ‘

384 3225 470 3272 VIIII.
493 3228 514 3271 l.
536 3227 558 3271 2.
598 3217 650 3273 Cic.
670 3217 699 3284 (1.
718 3218 764 3286 c.):
793 3227 823 3271 In
842 3226 950 3286 privatos
970 3224 1078 3269 homines
1097 3225 1164 3279 leges
1183 3223 1239 3268 lerri
1258 3225 1394 3279 noluerunt,
1414 3225 1438 3268 id
1458 3230 1494 3269 est

314 3314 377 3360 enim
396 3313 556 3374 privilegium,
576 3327 623 3375 quo
642 3315 700 3375 quid
720 3321 757 3358 est
776 3314 898 3368 16166ῑί66,
918 3326 972 3358 sum
990 3312 1052 3370 legis
1072 3311 1134 3356 haee
1153 3311 1189 3356 vis
1208 3313 1247 3367 sit,
1267 3313 1353 3357 scitum
1366 3319 1391 3358 et
1403 3313 1494 3357 iussum

312 3403 338 3446 16
357 3415 448 3446 omnes.
484 3401 550 3446 Ferri
569 3403 599 3446 de
618 3403 719 3459 singulte
740 3393 840 3463 [debuit
858 3409 912 3446 esse
933 3401 962 3444 de
982 3400 1061 3460 capite
1080 3399 1139 3444 civis
1158 3399 1197 3442 Ta
1224 3394 1266 3458 M.]
1286 3400 1332 3443 nisi
1351 3401 1492 3445 centuriatis
1556 3407 1580 3420 ί

313 3489 415 3534 comitiis
439 3491 578 3544 noluerunt;
607 3489 735 3550 discriptus
764 3481 812 3550 [sie
830 3497 900 3548 ser.‚
933 3489 1066 3548 descriptus
1087 3479 1278 3548 11161166]
1307 3489 1371 3532 enim
1391 3489 1493 3549 populus

313 3588 395 3630 censu,
413 3575 543 3632 ordinibus,
563 3577 694 3630 aetatibus
714 3579 767 3636 plus
788 3577 889 3622 adhibet
910 3576 941 3620 ad
961 3575 1101 3632 suffragium
1120 3573 1220 3630 consilii,
1240 3585 1312 3634 quam
1332 3575 1385 3619 fuse
1404 3576 1429 3619 in
1449 3577 1491 3621 tri-

313 3663 358 3708 bus
377 3666 530 3708 convocatus.
569 3653 620 3708 Cic.
641 3655 678 3723 (p.
698 3655 765 3708 Sest.
783 3658 890 3723 30,65):
910 3677 965 3708 eum
984 3667 1008 3706 et
1027 3663 1130 3707 sacratis
1149 3661 1243 3718 legibus
1263 3667 1288 3706 et
1307 3661 1357 3706 XII
1367 3663 1419 3709 tab.
1437 3677 1492 3709 san·

313 3751 388 3795 situm
407 3753 484 3806 esset,
512 3753 540 3794 ut
559 3763 637 3810 neque
656 3751 808 3810 primlegium
827 3751 930 3806 irrogari
950 3751 1045 3806 liceret,
1073 3763 1151 3810 neque
1170 3750 1200 3793 de
1220 3749 1300 3809 capite
1319 3751 1366 3794 nisi
1384 3751 1486 3796 comitiis

313 3837 455 3882 centuriatis
470 3837 550 3894 rogari
569 3834 614 3882 eet.
655 3827 706 3882 016.
727 3829 862 3896 (dedomo
881 3829 981 3898 17,43):
1003 3842 1088 3882 vetant
1107 3837 1158 3883 XII
1171 3837 1223 3883 tab.
1242 3839 1310 3896 leges
1328 3839 1429 3898 privatis
1448 3839 1492 3884 ho·

313 3925 416 3970 minibus
433 3925 543 3982 irrogari,
569 3925 649 3969 idest
669 3926 912 3984 enimprivilagium.
951 3916 1004 3971 016.
1025 3917 1068 3986 (de
1085 3933 1139 3984 rep.
1159 3917 1294 3986 2,36,61).·
1322 3928 1376 3971 1666
1397 3931 1434 3971 661
1455 3947 1488 3956 -

314 4011 340 4056 0.
358 4012 415 4058 Iulii
434 4002 530 4070 (216111
546 4021 571 4056 a.
584 4003 627 4068 II)
647 4033 680 4042 —
699 4013 762 4072 quod
782 4026 806 4057 se
826 4014 905 4070 legem
923 4013 992 4057 illam
1011 4036 1044 4043 —
1064 4015 1230 4070 neglecturum
1249 4019 1360 4072 negaret,
1380 4027 1442 4074 quae
1462 4015 1491 4058 de

313 4100 393 4159 eapite
412 4101 469 4144 civis
489 4099 558 4146 Rom.
577 4101 622 4144 nisi
642 4099 743 4144 comitiis
762 4101 905 4146 centuriatis
925 4101 1000 4145 statui
1016 4104 1120 4145 vetaret,

385 4186 408 4230 3.
446 4187 475 4230 ob
494 4200 545 4230 rem
563 4186 689 4232 dicendam
708 4177 791 4230 Gellii
813 4179 883 4232 libri.

384 4275 408 4318 4.
446 4265 618 4336 Fest.(25e).·
637 4273 781 4326 Quaestures
800 4265 960 4335 [dicebantur,
980 4276 1020 4336 qui
1032 4282 1176 4336 quaererent
1191 4268 1313 4338 derebus]
1333 4277 1490 4337 capitalibus,

313 4362 376 4406 unde
396 4352 478 4422 [iidem
498 4363 571 4406 etiarn
594 4391 622 4406 ..
644 4364 786 4422 quaestores
807 4357 930 4422 parrileidi
954 4364 1115 4424 appellantur.
1135 4363 1226 4407 Parriei
1249 4354 1342 4424 (supra
1362 4373 1388 4423 p.
1412 4360 1492 4423 10,12

313 4456 339 4494 6.
360 4443 397 4508 3).
