3358 5244
294 385 318 448 4
833 389 941 456 Festus,

298 561 351 624 Au
363 561 560 626 riahalcu
573 587 604 626 m
628 565 678 628 vel
702 565 897 630 orichalcum
922 566 1051 650 quidam
1075 569 1192 649 putant
1207 566 1420 649 compositum
1436 589 1475 630 ex

297 685 369 728 aere
399 669 431 730 et
453 688 545 745 auro,
578 667 646 734 sive
668 671 752 754 quod
777 671 915 735 colorem
938 670 1058 734 habeat
1080 691 1230 746 aureum;
1262 669 1478 735 orichalcum¹

296 791 372 833 sane
403 770 538 850 dicitur,
570 775 646 857 quia
676 775 709 839 in
732 777 910 841 montuosis
933 776 1011 842 locis
1034 777 1211 850 insonitum
1245 797 1336 840 mons
1360 777 1479 840 etenim

298 872 416 938 Graece
439 877 512 955 ὄρος
536 880 746 961 appellatur².
793 883 832 946 P.
857 887 887 946 9.

296 977 433 1042 Bustu
447 1001 478 1043 m
502 983 631 1064 proprie
654 985 773 1049 dicitur
796 985 896 1058 locus.
918 987 952 1049 in
976 1008 1039 1069 quo
1062 990 1207 1050 mortuus
1231 991 1280 1050 est
1294 988 1480 1052 combustus

297 1087 329 1146 et
359 1084 517 1166 sepultus,
553 1087 732 1173 diciturque
764 1091 895 1154 bustum
926 1091 1018 1174 quasi
1049 1089 1129 1154 bene
1156 1091 1297 1168 ussum,
1326 1092 1381 1156 ubi
1405 1115 1481 1157 vero

220 1213 232 1222 .
297 1187 482 1254 combustus
513 1191 585 1274 quis
609 1194 848 1272 tantummodo,
879 1195 957 1258 alibi
983 1217 1055 1259 vero
1079 1199 1128 1259 est
1149 1195 1308 1279 sepultae,
1340 1199 1367 1260 is
1390 1195 1481 1262 locus

297 1293 337 1356 ab
361 1296 481 1358 urendo
504 1298 645 1360 ustrina⁴
669 1303 816 1375 vocatum
841 1301 896 1363 sed
920 1299 1013 1363 modo
1037 1297 1149 1364 busta⁶
1173 1301 1321 1384 sepulcra
1336 1301 1481 1386 appella-

299 1421 378 1462 mus,
426 1401 463 1463 P.
488 1406 543 1466 32.

297 1502 618 1571 Caduceatores
651 1506 752 1591 legati
785 1515 893 1590 pacem
925 1513 1080 1591 petentes.
1126 1509 1206 1574 Cato
1231 1509 1481 1588 ‘caduceatori'⁶,

298 1611 414 1695 inquit,
439 1618 542 1674 ‘nemo
566 1611 681 1674 homo⁷
705 1611 836 1676 nocet‘⁸.
885 1613 923 1676 P.
946 1618 999 1677 47.

298 1716 516 1780 Caelibari
540 1716 635 1779 hasta
658 1720 755 1799 caput
779 1717 930 1780 nubentis
953 1718 1155 1796 comebatur,
1188 1721 1324 1803 quaein
1349 1741 1482 1802 corpore

299 1821 488 1905 gladiatoris
512 1821 655 1886 stetisset
679 1821 794 1886 abiecti
811 1822 980 1904 occisique,
997 1827 1034 1884 ut
1050 1824 1316 1906 quemadmodum
1332 1821 1389 1886 illa
1404 1845 1482 1887 con-

298 1928 407 1990 iuncta
439 1926 538 1990 fuerit
568 1949 640 1990 cum
672 1947 803 2009 corpore
831 1925 1037 2010 gladiatoris,
1070 1928 1114 1991 sic
1141 1929 1213 2012 ipsa
1235 1950 1306 1992 cum
1330 1929 1399 1992 viro
1422 1928 1481 2001 sit;

298 2031 348 2094 vel
372 2031 447 2115 quia
470 2037 636 2108 matronae
659 2030 808 2096 Iunonis⁹
834 2031 953 2098 Curitis
976 2033 1009 2096 in
1033 2033 1135 2096 tutela
1157 2033 1231 2111 sint,
1256 2054 1338 2116 quae
1361 2032 1406 2095 ita
1423 2055 1482 2116 ap-

298 2137 481 2222 pellabatur
505 2161 523 2201 a
546 2137 678 2202 ferenda
701 2137 912 2221 hastaquae
936 2138 1048 2223 lingua
1070 2137 1261 2202 Sabinorum
1282 2137 1385 2201 ‘curis'
1402 2137 1482 2200 dici·

298 2248 368 2318 tur;
392 2281 434 2290 —
458 2243 508 2308 vel
532 2244 615 2327 quod
640 2243 779 2326 nuptiali
803 2243 872 2306 iure
895 2243 1030 2326 imperio
1055 2241 1116 2306 viri
1132 2241 1323 2306 subicitur¹⁰
1348 2241 1482 2319 nubens,

298 2349 373 2432 quia
403 2348 497 2412 hasta
529 2371 654 2413 summa
685 2369 847 2412 armorum
870 2352 902 2411 et
926 2347 1051 2430 imperii
1074 2351 1136 2410 est:
1169 2369 1264 2430 quam
1289 2347 1329 2410 ob
1352 2367 1482 2410 causam

297 2489 340 2500 -
364 2455 483 2538 captivi
506 2455 566 2518 sub
590 2455 698 2518 eadem
721 2457 861 2517 veneunt
883 2459 952 2517 cett.
1000 2453 1037 2515 P.
1059 2457 1112 2516 62.

299 2558 465 2624 Celeres
490 2560 616 2642 antiqui
640 2561 791 2623 dixerunt
814 2577 894 2641 quos
918 2579 1002 2620 nuuc
1023 2557 1145 2640 equites
1161 2557 1305 2634 dicimus,
1328 2556 1483 2632 allelere,

298 2664 504 2728 interfectore
537 2663 647 2740 Remi,
681 2663 736 2747 qui
767 2662 861 2726 initio
886 2685 904 2726 a
928 2661 1066 2726 Romulo
1088 2663 1156 2727 iis11
1179 2663 1379 2746 praepositus
1401 2663 1484 2739 fuit;

299 2771 353 2852 qui
377 2771 527 2852 primitus
551 2770 642 2834 electi
665 2769 797 2833 fuerunt
820 2789 858 2831 ex
883 2768 1019 2852 singulis
1043 2768 1140 2832 curiis
1156 2767 1239 2846 deni,
1262 2767 1397 2852 ideoque
1412 2789 1484 2832 om-

299 2875 376 2937 nino
399 2875 533 2938 trecenti
557 2875 654 2939 fuere.
703 2875 740 2938 P.
765 2877 817 2938 55.

300 2978 512 3043 Oenacula
535 2979 695 3058 dicuntur,
720 2980 759 3042 ad
781 2980 890 3062 quae¹¹
914 2978 1007 3044 scalis
1029 2977 1220 3043 ascenditur.
1269 2977 1306 3042 P.
1331 2979 1410 3041 54³³

299 3083 454 3148 (leusio
481 3083 678 3150 hasteria
709 3085 891 3162 dicebatur,
924 3105 997 3146 cum
1025 3083 1121 3146 militi
1147 3082 1266 3145 multae
1289 3082 1417 3146 nomine
1440 3083 1483 3146 ob

298 3189 449 3254 delictum
472 3190 611 3255 militare
634 3189 872 3268 indicebatur¹⁴,
898 3191 981 3272 quod
1006 3189 1116 3252 hastas
1140 3189 1239 3253 daret.
1290 3187 1326 3250 P.
1350 3190 1422 3251 54.-

299 3293 552 3360 (lensionem
575 3296 680 3362 facere
703 3297 869 3362 dicebatur
892 3315 1017 3371 censor,
1052 3315 1124 3356 cum
1147 3291 1282 3356 multam
1306 3291 1407 3375 equiti
1429 3291 1482 3354 in·
1574 3365 1578 3374 Ι
1658 3295 1664 3307 ’

299 3400 470 3483 rogabat²⁶.
519 3403 557 3466 P.
583 3409 634 3467 54.

299 3503 501 3571 Censores
525 3507 611 3584 dicti,
636 3508 721 3592 quod
745 3529 811 3571 rem
834 3529 925 3570 suam
949 3504 1084 3588 quisque
1108 3503 1191 3567 tanti
1216 3503 1386 3566 aestimare
1401 3502 1480 3566 soli-

299 3612 350 3672 tus
374 3611 428 3687 sit,
451 3613 565 3695 quanti
588 3613 637 3675 illi
660 3612 876 3676 censuarium.
925 3609 963 3676 P.
989 3613 1042 3674 58.

183 3709 186 3716 ¹
299 3711 455 3779 Gensui
479 3718 714 3782 censend0¹⁷
738 3718 809 3800 agri
834 3715 964 3800 proprie
987 3712 1205 3797 appellantur,
1231 3713 1286 3796 qui
1309 3716 1342 3777 et
1364 3713 1426 3795 emi
1450 3717 1483 3778 et

300 3819 407 3884 venire
430 3823 498 3884 iure
521 3822 608 3885 civili
631 3827 776 3904 possunt.
824 3823 864 3886 P.
890 3825 941 3886 58.

373 3960 398 4024 1)
419 3959 610 4014 aurichalcum
630 3959 671 4012 M.
700 3990 734 3999 -
762 3961 790 4027 2)
812 3961 844 4014 P.
864 3963 915 4014 47:
942 3958 1095 4014 Cadmea
1113 3961 1198 4022 terra,
1223 3957 1343 4026 quaein
1364 3973 1410 4010 aes
1428 3955 1485 4012 uoi-

298 4046 381 4108 citur,
401 4047 433 4098 ut
450 4045 502 4100 fiat
520 4044 700 4101 orichalcum.
728 4077 760 4086 —
785 4048 813 4110 3)
833 4047 903 4102 bene
921 4047 1027 4101 iustum
1048 4048 1088 4099 M.
1113 4076 1148 4086 -—
1166 4045 1194 4116 4)
1212 4045 1321 4100 ostrina
1341 4044 1381 4098 M
1401 4074 1435 4082 —
1455 4044 1484 4114 5)

299 4133 382 4189 modo
401 4133 503 4190 obusta
526 4134 555 4190 T.
580 4165 612 4176 -
632 4135 658 4204 6)
678 4134 853 4190 caduciatori
872 4134 939 4190 GM.
964 4165 990 4173 -
1020 4135 1046 4198 7)
1064 4133 1148 4188 homo
1167 4149 1217 4186 om.
1240 4133 1269 4188 Τ.
1288 4163 1323 4172 ——
1340 4132 1370 4200 8)
1389 4135 1486 4186 nosset

300 4221 333 4276 G.
360 4255 392 4264 -
418 4221 444 4290 9)
463 4221 568 4276 iuninis
587 4222 627 4276 M.
659 4253 690 4262 -—
719 4221 763 4291 10)
783 4221 929 4278 sobiicitur
949 4221 981 4276 G.
1008 4251 1040 4260 -
1063 4221 1108 4288 ll)
1127 4221 1171 4274 his
1187 4219 1216 4278 lll
1235 4220 1275 4273 M.
1297 4249 1327 4258 —
1349 4218 1392 4288 12)
1411 4234 1485 4286 quas

299 4311 370 4364 labri.
392 4341 421 4350 -
445 4311 487 4380 13)
508 4311 548 4379 Of.
568 4311 606 4364 D.
625 4315 770 4380 43,17,3,7:
795 4311 842 4364 sed
863 4309 887 4364 si
907 4327 994 4380 supra
1013 4309 1104 4374 aedes,
1122 4324 1192 4378 quas
1212 4305 1348 4376 possideo,
1367 4321 1485 4360 cenacu-

299 4397 358 4450 lum
377 4398 414 4452 sit
432 4405 489 4453 cett.
509 4430 544 4438 -
566 4401 608 4470 14)
626 4397 825 4454 indicebantur
844 4397 877 4452 G.
898 4427 930 4438 -
951 4399 994 4462 15)
1013 4395 1188 4464 inrogabaut
1201 4393 1242 4446 M.
1261 4424 1294 4432 —
1315 4393 1358 4462 16)
1370 4407 1486 4446 censue·

299 4487 367 4538 runt
387 4486 417 4540 T.
435 4515 471 4526 -
491 4487 534 4558 l‘l)
552 4487 669 4542 censedo
689 4486 727 4540 M
736 4487 765 4542 T.
