3400 5254
560 400 658 466 Varro,
677 400 830 467 delinges
850 399 960 468 Latina,
979 398 997 454 l.
1018 397 1065 452 VI.
1356 399 1399 464 59

224 577 369 660 sponsu¹,
394 599 605 660 consponsae,
629 577 689 642 hoc
704 576 845 642 Naevius
862 577 1033 661 significat,
1056 599 1128 642 cum
1144 577 1190 642 ait
1206 577 1403 660 ‘consponsi'.

226 683 277 745 70.
303 680 525 765 Spondebatur
548 683 683 764 pecunia
708 686 763 746 aut
786 682 854 746 filia
877 682 1063 765 nuptiarum
1086 703 1197 759 causa3
1221 682 1405 766 appellaba-

227 792 281 850 tur
304 791 336 851 et
358 788 493 871 pecunia
515 791 548 851 et
570 809 652 870 quse
675 788 831 870 desponsa
854 791 937 866 erat,
968 808 1137 870 sponsa3
1168 809 1249 871 quse
1272 788 1407 871 pecunia

225 891 310 956 inter
333 915 366 957 se
389 897 501 957 contra
527 913 678 976 sponsum
702 897 816 976 rogata
839 898 916 970 erat,
946 893 1030 958 dicta
1053 893 1247 977 sponsio;
1280 893 1330 958 cui
1353 894 1405 958 de·

226 1018 343 1081 sponsa
366 996 445 1082 quo²
470 1006 547 1076 erat,
573 1020 770 1081 sponsus;
804 1021 867 1082 quo
891 998 940 1061 die
963 1013 1114 1082 sponsum
1139 1003 1216 1076 erat,
1239 1019 1406 1080 sponsa·

225 1102 290 1166 lis.
338 1101 387 1166 71.
410 1102 510 1178 .Qui³
542 1106 756 1189 spoponderat
788 1103 907 1182 filiam,
941 1105 1221 1187 despondisse
1248 1103 1406 1179 dicebant,

229 1209 314 1291 quod
338 1209 377 1272 de
399 1214 512 1292 sponte
536 1210 612 1288 eius,
636 1211 668 1274 id
692 1213 739 1274 est
763 1209 801 1274 de
825 1208 999 1283 voluntate,
1022 1207 1157 1285 exierat;
1186 1230 1249 1272 non
1273 1207 1408 1272 enimsi

227 1313 363 1391 volebat,
388 1315 511 1392 dabat⁴,
531 1316 614 1399 quod
633 1337 751 1399 sponsu
768 1317 837 1378 erat
852 1314 1013 1399 alligatus,
1028 1314 1165 1397 —quod
1182 1317 1250 1376 tum
1268 1317 1299 1378 et
1315 1333 1407 1396 prae-

227 1418 345 1481 torium
379 1419 429 1483 ius
452 1421 492 1484 ed
516 1421 619 1502 legem
642 1425 675 1484 et
697 1420 875 1485 censorium
898 1421 1050 1485 iudicium
1075 1421 1113 1486 ad
1138 1442 1273 1503 aequum
1297 1419 1407 1484 existi-

228 1523 386 1588 mabatur.
432 1524 484 1589 Sic
507 1527 711 1608 despondisse
735 1527 876 1590 animum
900 1549 1025 1610 quoque
1048 1525 1182 1602 dicitur,
1214 1529 1250 1588 ut
1273 1526 1407 1608 despon-

227 1629 309 1694 disse
344 1629 461 1707 filism,
495 1633 578 1714 quod
607 1653 682 1696 snae
713 1632 835 1716 spontis
867 1636 1024 1697 statuerat
1053 1633 1159 1696 finem.
1207 1632 1257 1694 72.
1292 1628 1408 1714 Aque

227 1738 340 1818 sponte
356 1734 458 1799 dicere
474 1738 655 1819 respond
667 1737 755 1802 ere'⁵
779 1759 904 1821 quoque
920 1736 1078 1815 dixerunt,
1102 1759 1174 1801 aum
1190 1737 1228 1800 ad
1246 1735 1407 1818 spontem⁶

229 1840 464 1923 responderent,
499 1841 531 1904 id
563 1845 611 1905 est
634 1842 673 1904 ad
697 1840 895 1904 voluntatem
918 1841 1129 1924 rogationis&
1160 1841 1268 1925 itaque
1291 1839 1346 1923 qui
1370 1839 1408 1902 ad

227 1943 259 2006 id
284 1944 367 2026 qnod
391 1949 524 2029 rogatur
547 1967 610 2009 non
636 1945 722 2023 dicit,
758 1968 819 2010 non
846 1947 1024 2030 respondet,
1052 1951 1087 2010 nt
1110 1967 1174 2009 non
1198 1945 1332 2031 spondet
1353 1945 1408 2008 ille

228 2048 349 2124 stetim,
379 2049 435 2132 qui
467 2049 548 2112 dixit
579 2051 757 2134 ‘spondeo',
788 2052 815 2114 si
843 2051 967 2114 iocandi
991 2074 1086 2116 causa
1109 2051 1204 2127 dixit,
1229 2071 1331 2133 neque
1354 2049 1408 2133 agi

229 2157 334 2236 potest
362 2175 433 2216 oum
464 2175 500 2217 eo
528 2175 566 2217 ex
599 2176 727 2238 sponsu.
774 2153 886 2237 Itaque
917 2155 944 2218 si
969 2153 1048 2239 qui8
1072 2155 1150 2219 dicit
1172 2155 1205 2217 in
1229 2154 1409 2238 tragoedia:

230 2258 455 2335 ‘Meministine
485 2263 517 2323 te
548 2259 721 2343 spondere⁹
753 2259 833 2340 mihi
865 2264 995 2345 gnatam
1010 2264 1043 2302 ¹⁰
1079 2259 1201 2324 tuam?
1236 2259 1320 2342 quod
1343 2259 1410 2322 sine

229 2368 343 2448 sponte
366 2387 423 2428 sua
446 2365 540 2442 dixit,
564 2387 636 2428 cum
660 2387 697 2429 eo
720 2387 783 2428 non
808 2369 913 2449 potest
936 2367 988 2450 agi
1012 2387 1050 2430 ex
1073 2387 1190 2449 sponsu
1204 2369 1251 2426 ¹1.

318 2470 368 2534 74.
403 2469 593 2552 Sponsor
616 2475 649 2534 et
672 2491 782 2552 praes
805 2474 837 2534 et
861 2493 933 2534 vas
956 2471 1218 2553 nequeidem12,
1242 2491 1344 2552 neque
1360 2490 1410 2532 res

230 2596 249 2637 a
272 2574 387 2658 quibus
411 2575 455 2654 hi,
480 2575 532 2638 sed
557 2598 574 2638 e
596 2596 630 2637 re
653 2575 767 2638 simile.
815 2574 928 2658 ltaque
951 2595 1090 2658 praes,
1114 2574 1169 2658 qui
1184 2597 1203 2638 a
1218 2574 1409 2658 magistratu

230 2679 457 2764 interrogatus,
481 2680 514 2743 in
539 2679 702 2763 publicum
726 2683 762 2743 ut
786 2682 983 2762 praestet¹³;
1009 2701 1106 2762 aquo
1130 2683 1171 2756 et,
1193 2701 1265 2742 cum
1281 2701 1410 2763 respon-

231 2785 293 2862 det,
318 2785 411 2848 dicit:
436 2784 556 2868 ‘praes'.
603 2783 669 2848 Vas
692 2783 881 2866 appellatus,
906 2783 962 2866 qui
985 2806 1043 2868 pro
1067 2783 1168 2848 altero
1193 2785 1410 2850 vadimonium

231 2889 450 2970 promittebat.
497 2888 698 2953 Consuetudo
732 2894 815 2964 erat,
849 2910 920 2952 cum
944 2911 1016 2952 reus
1039 2912 1151 2972 parum
1176 2893 1258 2954 esset
1279 2890 1410 2954 idoneus

230 2994 365 3077 inceptis
399 2994 507 3069 rebus,
541 2999 578 3058 ut
610 3016 667 3078 pro
696 3016 728 3058 se
752 2993 850 3057 alium
874 2994 971 3058 daret.
997 3017 1016 3057 a
1039 3016 1102 3079 quo
1125 2994 1228 3058 caveri
1242 2999 1276 3035 ¹⁴
1303 2998 1413 3078 postea

231 3098 301 3184 lege
324 3103 470 3181 coeptum
494 3103 542 3162 est
564 3099 604 3162 ab
628 3097 689 3176 his,
720 3099 777 3181 qni
800 3099 930 3180 praedia
955 3100 1135 3176 venderent,
1160 3100 1270 3163 vadem
1293 3121 1332 3162 ne
1355 3099 1411 3162 ds·

232 3208 323 3282 rent;
348 3203 387 3267 ab
412 3225 449 3267 eo
473 3203 609 3268 adscribi
633 3207 779 3286 coeptum
802 3203 836 3266 in
859 3201 930 3286 lege
953 3203 1198 3285 mancipiorum:
1224 3201 1354 3267 ‘Vadem
1372 3225 1412 3267 ne

233 3311 454 3392 poscerent15,
478 3331 534 3373 nec
557 3305 703 3374 dabitur'.

321 3414 372 3478 81.
408 3412 537 3478 Dictum
562 3436 691 3478 cerno
721 3437 740 3476 a
763 3435 861 3489 cereo,
886 3413 917 3475 id
941 3419 990 3476 est
1011 3434 1031 3474 a
1054 3412 1203 3475 creando:
1228 3411 1347 3476 dictum
1371 3413 1411 3476 ab

233 3540 286 3595 eo,
319 3520 401 3602 quod
430 3540 502 3582 cum
525 3521 601 3604 quid
625 3523 765 3583 creatum
790 3523 855 3597 est,
890 3523 964 3582 tunc
987 3517 1122 3600 deniqne
1146 3517 1279 3580 videtur.
1328 3517 1412 3583 Hinc

234 3660 277 3670 -
300 3625 355 3706 qui
377 3623 450 3686 id¹⁶
478 3624 511 3688 in
536 3629 744 3690 testamento:
768 3626 800 3688 id
823 3629 870 3688 est
894 3623 1001 3702 facito,
1026 3623 1154 3685 videant
1177 3626 1209 3684 te
1232 3643 1299 3686 esse
1321 3622 1412 3687 here·

234 3728 324 3804 dem;
350 3729 459 3812 itaque
482 3730 514 3792 in
539 3729 679 3794 cretione
702 3727 852 3793 adhibere
874 3729 986 3792 iubent
1008 3729 1156 3791 testes¹⁷.

307 3885 333 3954 1)
353 3901 454 3953 sponsu
475 3883 507 3938 L.
528 3884 650 3954 Spcnpct·
668 3901 784 3954 sponsas
802 3885 838 3938 F.
858 3915 890 3924 -
910 3885 938 3950 2)
957 3901 974 3938 a
992 3901 1046 3952 quo
1065 3883 1099 3936 A.
1120 3881 1240 3951 Spcnpcl.
1260 3911 1293 3920 -
1312 3881 1339 3948 3)
1358 3899 1412 3950 quo

235 3971 269 4024 F.
289 3971 428 4041 [Fortasse
445 3989 538 4040 quom.
562 3971 612 4029 Tu.
626 3971 676 4040 Μ.)
698 4001 729 4011 -
749 3973 776 4042 4)
795 3971 943 4028 nonenim
965 3969 988 4024 si
1009 3969 1124 4026 nolebat
1143 3987 1199 4026 non
1217 3968 1307 4022 dabat
1325 3969 1412 4022 Mact-

235 4060 280 4115 ter.
310 4089 340 4098 -—
371 4059 399 4128 5)
419 4058 597 4129 respondere]
617 4061 651 4112 A.
673 4059 798 4128 Spcnpcl,
828 4075 889 4112 cum
909 4058 1044 4129 spondere
1064 4058 1097 4110 F.
1125 4087 1157 4097 —-
1176 4057 1203 4126 6)
1222 4073 1240 4110 a
1258 4059 1358 4124 sponte
1377 4055 1412 4110 F.

235 4179 264 4186 -
295 4147 321 4217 7)
341 4146 481 4216 rogatoris
500 4145 533 4199 L.
554 4145 673 4215 Spcnpel.
694 4177 727 4186 -
745 4149 772 4215 8)
791 4147 835 4200 ita
853 4146 964 4216 quisqui
984 4146 1019 4199 F.
1039 4175 1074 4184 -
1093 4145 1120 4214 9)
1139 4146 1168 4198 te
1188 4142 1358 4212 despondere
1378 4143 1412 4196 F.

235 4236 332 4304 -10)
354 4237 491 4302 agnatum
509 4234 542 4288 F.
563 4265 594 4274 —-
616 4235 659 4300 ll)
678 4233 857 4288 Denna'rerso
875 4235 994 4288 hocloco
1013 4237 1040 4299 (§
1053 4235 1168 4292 69-72)
1189 4232 1223 4298 cf.
1244 4230 1411 4296 Lachmann,

236 4321 357 4392 Spenpct,
380 4321 456 4376 abaco
482 4339 566 4390 supra
580 4339 609 4390 p.
623 4325 658 4375 52
675 4323 706 4375 ia
725 4322 834 4375 socordio
853 4323 906 4375 citt.
937 4321 1071 4382 Huschke,
1090 4319 1176 4372 ΖΗΕ.
1189 4321 1292 4385 10,327.
1312 4347 1347 4355 -
1372 4317 1414 4384 12)

235 4407 297 4463 ideo
317 4409 349 4462 F.
380 4439 410 4448 -
433 4409 475 4478 13)
493 4425 575 4478 praes
594 4409 647 4464 siet
669 4409 827 4462 Palmarias.
845 4439 880 4447 -
900 4408 941 4476 14)
961 4406 1056 4460 caueri
1077 4406 1108 4459 F.
1129 4437 1163 4446 -
1185 4408 1227 4472 15)
1246 4421 1297 4459 nec
1317 4407 1412 4476 poscet

237 4493 388 4564 Scioppius.
417 4527 450 4534 -
481 4497 524 4563 16)
544 4494 650 4566 [quiid
673 4496 789 4562 fortasse
808 4500 964 4562 comnptanr
982 4509 1014 4548 ca
1032 4493 1145 4548 cernito.
1179 4491 1296 4561 Tam]
1317 4493 1415 4560 -17)
