3400 5254
763 398 868 454 Festus.
1365 405 1403 468 31

227 574 341 658 Capito
364 575 534 654 existimat,
560 597 691 640 -esse
714 575 834 640 dictum
850 575 943 638 initio
968 573 1072 658 ‘quon
1096 573 1208 654 hostis,
1232 580 1281 640 tot
1299 577 1404 654 servi’,

228 679 355 764 [quodq
372 683 422 744 tot
437 680 555 763 captivi
570 679 636 744 fere
651 680 691 744 ad
706 675 894 744 servitutem
911 679 1160 754 adducebantur,
1177 685 1243 744 cett.
1270 681 1309 745 F.
1329 687 1405 748 261.

228 783 259 848 lt
283 785 446 848 duobus
475 784 507 847 in
536 784 743 868 conpluribus
766 785 974 862 orationibus,
1008 805 1080 849 curn
1112 784 1150 847 de
1173 785 1254 850 actia
1277 786 1404 852 disseri-¹

228 889 300 956 tur³
320 889 440 966 ouius4,
471 889 567 952 etiam
597 888 749 972 perscribi
779 889 878 964 solet,
908 889 940 952 id
964 891 1011 951 est
1035 887 1196 952 rationum
1222 889 1406 970 relatarum,

229 997 312 1080 qnod
337 996 387 1060 his
409 993 528 1060 tabulis
551 995 703 1058 docentur
725 994 854 1072 iudices,
878 1015 961 1077 quae
984 989 1111 1076 publice
1134 993 1209 1056 data
1233 998 1330 1078 atque
1352 1017 1405 1060 ao·

227 1103 320 1184 cepte
341 1100 432 1167 sint⁶.
478 1100 518 1163 F.
542 1103 619 1164 274.
1215 1188 1217 1192 y

228 1203 391 1286 Radere
412 1201 528 1290 ge[nuc
543 1204 681 1266 *certum
704 1208 752 1266 est
775 1202 823 1286 iu]
847 1202 917 1288 lege
933 1199 1024 1280 XH‘,
1048 1202 1144 1266 idest
1162 1204 1323 1287 unguibus
1340 1203 1404 1288 [tu-

227 1331 336 1374 ccrore
358 1309 486 1392 cratus}
533 1309 573 1374 F.
597 1311 674 1372 273.

229 1413 344 1498 Repi
377 1415 546 1479 simulatur
576 1413 668 1498 virgo
690 1435 729 1476 ex
752 1413 877 1496 gremio
901 1413 1024 1492 matris,
1054 1419 1120 1492 aut,
1148 1415 1175 1478 si
1200 1438 1237 1481 ea
1261 1437 1329 1480 non
1348 1421 1406 1494 est,

227 1542 265 1583 ex
289 1519 435 1602 proxima
457 1517 696 1596 necessitudine,
728 1539 799 1580 curn
824 1517 864 1580 ad
887 1517 992 1582 virum
1014 1519 1180 1600 rodtrud,
1213 1523 1297 1605 quod
1321 1522 1406 1586 vide·

228 1624 303 1689 licet
326 1646 363 1689 ea
386 1646 436 1689 res
458 1624 596 1690 feliciter
621 1621 759 1688 Romulo
783 1622 886 1689 cessit.
937 1624 973 1688 F.
998 1628 1075 1689 289.
1100 1634 1113 1706 (
1122 1655 1152 1678 =
1181 1630 1214 1690 P.
1239 1629 1323 1710 288)

228 1727 522 1813 Recepticium
552 1749 678 1793 servum
710 1726 789 1792 Cato
823 1729 859 1791 in
880 1729 1026 1794 suasione
1048 1729 1130 1814 legis
1153 1731 1313 1816 Voconiae
1336 1753 1406 1796 curn

227 1835 283 1912 ait,
307 1833 477 1920 significat,
501 1834 557 1918 qui
581 1835 622 1898 ob
647 1833 761 1923 vitium
787 1832 966 1897 redhibitus
987 1834 1044 1898 sit:
1068 1835 1134 1900 ‘ubi
1149 1835 1233 1900 irata
1247 1837 1333 1902 facta
1348 1840 1406 1916 est,

226 1961 353 2004 servum
376 1939 578 2023 recepticium
601 1941 719 2002 sectari
744 1943 841 2022 atque
858 1938 1006 2022 flagitare
1022 1941 1126 2004 virum
1142 1941 1250 2006 iubet.¹
1274 1942 1314 2007 F.
1327 1947 1406 2007 282.

227 2043 404 2108 Reciniu
418 2067 450 2108 m
473 2067 567 2109 omne
582 2044 811 2108 vestimentum
835 2045 1025 2128 quadratum
1051 2044 1102 2124 ii³,
1127 2047 1183 2130 qui
1204 2045 1284 2111 XIl‘?
1308 2047 1407 2112 inter-

226 2149 345 2232 pretati
369 2153 453 2226 sunt,
477 2171 544 2212 ease
562 2131 731 2214 dixerunt:
754 2147 886 2213 Verrius
903 2155 1024 2236 togam,
1048 2173 1112 2236 qua
1128 2153 1316 2216 mulieres¹⁰
1335 2157 1407 2216 ute·

229 2255 355 2332 bantur,
382 2257 618 2337 praetextam¹¹
648 2254 738 2317 clavo
761 2275 930 2337 purpureo.
976 2257 1018 2320 F.
1040 2260 1117 2320 274.

227 2357 504 2442 Recipcratio
535 2363 599 2436 est,
628 2358 735 2422 nteit
760 2357 870 2424 Gallus
896 2361 1019 2438 Aelius,
1051 2383 1123 2428 cum
1146 2363 1230 2428 inter
1254 2364 1408 2447 populum

226 2468 260 2528 et
282 2485 373 2548 reges
395 2465 603 2548 nationesque
627 2469 658 2529 et
681 2465 827 2529 civitates
850 2467 1035 2552 peregrinas
1058 2468 1110 2532 lex
1133 2469 1295 2546 convenit,
1326 2490 1406 2552 quo·

228 2570 323 2634 modo
352 2591 409 2654 per
422 2569 656 2653 ¹reciperatores
686 2569 859 2634 reddantur
889 2594 940 2636 res
970 2573 1277 2657 reciperenturque,
1295 2595 1408 2657 resque

227 2673 370 2756 privatas
392 2676 476 2740 inter
498 2698 532 2740 se
554 2679 795 2758 persequantur.
843 2675 880 2740 F.
907 2682 983 2744 274.

228 2776 516 2862 Reciprocare
544 2803 603 2864 pro
631 2782 727 2846 ‘ultro
759 2783 902 2866 citroque
926 2789 1061 2868 poscere'
1095 2786 1144 2849 usi
1168 2790 1252 2850 sunt
1268 2785 1405 2869 antiqui,

226 2882 304 2966 qnia
327 2905 456 2966 procare
479 2891 527 2949 est
549 2908 684 2968 poscere.
730 2887 770 2951 F.
795 2892 872 2952 274.
910 2888 980 2969 (Cf.
1005 2889 1207 2971 Procum.)

227 2985 536 3070 ¹Redemptores
566 2991 694 3074 proprie
729 2997 824 3074 atquo
848 2993 981 3077 antiqua
1003 2996 1232 3060 consuetudine
1256 2996 1406 3060 diceban-

225 3095 290 3169 tur,
313 3091 387 3176 qui,
419 3093 589 3175 numquid
613 3094 739 3176 publice
764 3093 945 3160 faciendum
967 3102 1062 3164 aut¹²
1093 3101 1307 3182 praebendum
1330 3121 1407 3164 con·

227 3196 425 3260 duxerant¹³
445 3196 686 3282 effecerantque,
703 3204 773 3264 turn
790 3200 915 3265 demum
931 3205 1080 3286 pecunias
1096 3205 1309 3288 accipiebant3
1333 3227 1408 3270 narn

227 3302 407 3386 antiquitus
431 3324 532 3368 emere
555 3325 614 3386 pro
637 3305 778 3389 occipere
803 3305 995 3389 ponebatur.
1038 3308 1082 3372 At
1105 3307 1139 3371 hi
1156 3331 1242 3375 nunc
1259 3311 1408 3374 dicuntur

227 3407 451 3490 redemptores,
476 3407 531 3490 qui
555 3409 673 3492 quid14
698 3411 918 3476 conduxerunt
940 3414 1154 3496 praebendum
1179 3417 1405 3500 utendumque.

229 3511 269 3576 F.
293 3515 369 3576 270.

229 3615 451 3700 ltelegati
480 3619 628 3682 dicuntur
660 3622 801 3704 proprie,
833 3622 947 3705 quibus
977 3624 1174 3708 ignominiae
1204 3630 1261 3689 aut
1285 3648 1405 3710 poenae

300 3861 325 3927 1)
343 3860 416 3929 quod
435 3861 489 3914 cod.
517 3891 549 3900 -
567 3861 596 3930 2)
615 3861 688 3928 quud
705 3863 818 3914 euomuit
836 3861 909 3916 Mac.
937 3863 1049 3933 [Potius
1065 3881 1114 3919 scr.
1134 3868 1208 3935 quod
1230 3866 1339 3937 ¹captiui
1355 3885 1407 3938 pro

228 3951 273 4004 tot
292 3946 405 4016 captivi.
434 3947 484 4002 Tri.
503 3949 551 4019 Μ.]
580 3979 614 3988 -
642 3951 670 4018 3)
688 3949 801 4004 disserti
818 3952 874 4005 cod.
900 3981 932 3991 —·
960 3955 989 4020 4)
1009 3953 1162 4024 [Encidc'ase
1180 3957 1305 4011 videatur
1323 3959 1406 4012 tolia:

229 4033 360 4090 adnotari
379 4037 432 4091 vel.
466 4038 515 4090 Tu.
536 4037 571 4090 M.
600 4068 632 4078 -
660 4040 688 4106 5)
705 4038 879 4094 Publiccrrun
902 4042 1040 4095 rotmanus
1059 4042 1168 4096 tabum
1184 4045 1214 4096 ic
1232 4045 1340 4098 iudicio
1359 4060 1407 4114 pu

227 4122 304 4176 blicre
322 4123 576 4190 cbcumfcrcbuatur
592 4125 725 4179 iudicibus
747 4128 935 4194 impudendae.
974 4127 1029 4183 ceo.
1046 4146 1074 4198 p.
1094 4129 1183 4183 Balbo
1201 4133 1270 4197 5,11.
1295 4132 1331 4185 ad
1348 4133 1407 4186 Art.

227 4213 318 4275 1‚16,4.
342 4239 371 4250 -—
392 4211 419 4281 6)
436 4228 460 4266 o.
479 4213 610 4282 tom.1p.
624 4217 658 4266 36
676 4215 729 4277 tob.
741 4213 806 4281 ΧΑ.
829 4245 860 4254 -
880 4217 908 4283 1)
925 4217 965 4270 aab
981 4223 1006 4270 ct
1023 4217 1077 4270 cod.
1098 4223 1123 4271 ct
1145 4218 1266 4286 Paulam
1284 4219 1408 4274 trahitur

230 4295 303 4350 Moe.
330 4328 364 4336 -
392 4295 419 4367 8)
437 4297 467 4352 hi
485 4299 541 4354 cod.
566 4329 598 4340 -
618 4302 645 4372 9)
664 4318 688 4354 c.
708 4309 769 4355 tom.
788 4302 809 4354 I
819 4319 846 4370 p.
866 4305 899 4356 35
917 4303 970 4359 tut.
993 4303 1055 4368 X,3.
1079 4331 1114 4346 ο·
1133 4305 1176 4374 10)
1198 4305 1240 4358 vir
1260 4309 1329 4376 toga
1345 4323 1408 4361 mu·

229 4381 309 4436 lieres
328 4385 399 4451 cod.,·
417 4385 514 4439 emend.
535 4385 654 4456 Lepsios.
676 4419 708 4427 -
730 4389 772 4458 11)
792 4391 969 4458 praetextum
989 4392 1044 4444 cod.
1068 4421 1098 4434 ·-
1122 4394 1163 4462 12)
1182 4397 1215 4446 nt
1230 4396 1290 4448 cod.
1311 4425 1342 4434 -
1363 4396 1406 4462 13)

227 4469 410 4526 condixerunt
428 4473 484 4526 eod.
506 4503 535 4513 -
558 4477 601 4544 14)
620 4474 751 4545 quicquid
772 4477 833 4530 ced.
