3400 5250
298 377 362 440 226
749 373 847 428 Edietu
866 374 1036 444 presterum.

299 555 362 632 beu,
388 576 450 638 quo
473 575 548 618 usus
572 553 639 618 eius
662 553 801 618 deterior
824 553 866 616 sit
890 552 957 628 fiat,
983 551 1143 616 restituas.
1175 551 1251 616 item
1274 549 1404 634 nequid
1422 549 1481 614 fiat

298 661 540 738 inrnrittaturve,
564 657 778 722 interdicam'.

390 768 439 830 12.
475 763 531 840 uu
543 764 587 826 od
613 764 651 826 vi
676 767 749 826 aut
771 761 873 824 olaru
897 761 1017 826 fautum
1035 764 1092 836 est,
1117 783 1180 845 qua
1196 763 1234 826 de
1251 784 1283 828 re
1300 763 1419 848 egitur,
1436 763 1479 840 id,

298 873 326 934 si
340 893 398 934 nou
408 871 590 952 plusquam
603 889 707 932 renerus
722 870 782 930 (ψ
798 888 869 930 euru
883 865 1067 948 experiundi
1082 870 1221 950 potestas
1238 871 1285 930 est
1298 866 1476 932 restituas⁸.

219 1005 281 1040 oar.
389 976 438 1042 13.
464 997 491 1038 u.
527 974 581 1038 De
604 971 941 1038 remissionibus.
988 971 1477 1058 Quodiussitilliprohibere

298 1103 336 1144 ne
359 1102 392 1144 se
414 1079 516 1144 invito
538 1077 604 1154 fiat,
627 1077 660 1140 in
684 1099 720 1140 eo
736 1077 895 1142 nuntiatio
918 1079 1033 1142 teneat.
1073 1081 1212 1140 ueterum
1237 1077 1475 1142 nuntiationem

298 1180 426 1250 missurn
449 1183 558 1248 faoio⁴.

383 1288 414 1356 b.
445 1287 544 1364 Quem
568 1287 601 1350 iu
617 1286 721 1352 locum
737 1286 920 1350 nuntiatum
938 1291 996 1364 est,
1014 1285 1144 1370 nequid
1163 1286 1267 1370 operis
1284 1287 1357 1350 uovi
1375 1286 1477 1364 fieret,

298 1415 326 1476 q.
343 1393 372 1458 d.
390 1415 414 1458 r.
432 1415 470 1470 a,
495 1391 577 1476 quod
602 1391 634 1454 iu
658 1412 694 1454 eo
718 1391 795 1470 locu,
820 1395 991 1474 antequam
1016 1389 1181 1454 nuntiatio
1203 1391 1299 1456 missa
1313 1391 1404 1456 fieret
1424 1395 1481 1456 aut

299 1498 331 1560 in
355 1519 391 1560 ea
413 1517 507 1560 nauso
530 1499 620 1570 esset,
646 1499 681 1558 nt
704 1493 823 1558 remitti
848 1491 985 1570 deberet,
1010 1493 1132 1558 foetura
1158 1499 1216 1572 est,
1241 1495 1271 1559 id
1296 1497 1475 1561 restituast

386 1622 410 1666 o.
447 1603 546 1676 Quem
569 1600 601 1662 iu
627 1599 730 1663 ionum
754 1597 936 1662 nuntiatum
959 1603 1015 1676 est,
1040 1600 1178 1684 nequid
1202 1601 1306 1684 operis
1326 1601 1399 1666 novi
1418 1601 1474 1664 fie-

299 1712 356 1784 ret,
381 1729 409 1790 q,
435 1708 464 1770 d.
490 1729 514 1770 r.
539 1727 581 1784 a,
613 1705 640 1768 ei
664 1704 702 1768 de
724 1726 761 1768 eu
784 1726 817 1768 re
840 1703 1029 1768 satisdatum
1052 1708 1109 1782 est,
1143 1707 1226 1790 quod
1250 1705 1316 1770 eius
1340 1711 1476 1772 cautum

299 1811 351 1888 sit,
376 1815 431 1874 eut
454 1832 510 1892 per
532 1814 563 1872 te
586 1813 651 1872 stet
674 1831 736 1892 quo
760 1808 863 1872 minus
887 1809 1075 1874 satisdetur:
1100 1831 1163 1896 quo
1188 1812 1291 1876 minus
1315 1811 1361 1874 illi
1386 1812 1472 1876 ineo

299 1915 368 1981 loeo
392 1938 470 2000 opus
494 1915 596 1980 faeere
619 1914 722 1988 liceat,
748 1937 775 1978 v.
791 1913 814 1978 f.
835 1916 881 1982 v.⁰

217 2044 282 2082 nu.
391 2023 438 2086 14.
476 2021 532 2084 Du
555 2020 763 2104 precario.
810 2021 1058 2104 Quodprecerio
1082 2022 1122 2086 ab
1146 2020 1477 2088 illohabesautdolo

298 2128 383 2190 rnatu
407 2126 518 2206 fecisti,
543 2131 578 2188 ut
601 2126 757 2190 desineres
780 2124 906 2202 habere,
931 2149 960 2210 q.
986 2127 1013 2190 d.
1040 2149 1061 2190 r.
1079 2150 1117 2206 a,
1143 2127 1173 2190 id
1197 2127 1244 2190 illi
1270 2124 1446 2192 restiterat

219 2254 281 2290 aa.
389 2234 438 2298 15.
464 2254 489 2296 u.
523 2231 571 2294 De
594 2230 1073 2294 arboribuseuedandis.
1122 2231 1478 2308 Quaeurborexaedi·

298 2336 355 2400 bur
386 2337 449 2400 tuis
482 2338 512 2400 in
541 2336 631 2400 aedes
660 2335 746 2399 iliius
775 2335 952 2419 impendet,
986 2337 1012 2398 si
1037 2358 1092 2420 per
1115 2341 1147 2400 te
1170 2339 1251 2412 stat,
1285 2358 1349 2420 quo
1371 2337 1476 2402 minus

297 2465 365 2508 eom
388 2441 508 2506 adimas
532 2449 616 2516 tuno,
641 2463 704 2524 quo
728 2441 833 2504 minus
857 2440 905 2504 ilti
929 2461 998 2504 euru
1022 2441 1166 2504 arborern
1192 2442 1330 2504 udinrere
1354 2441 1478 2524 sibique

297 2547 414 2610 habere
438 2547 542 2622 lineat,
567 2569 596 2610 v.
614 2546 634 2610 f.
655 2544 699 2610 u.⁸

385 2652 414 2716 b.
455 2653 543 2728 Quae
567 2651 661 2714 arbor
694 2673 733 2714 ex
757 2671 836 2732 agro
860 2655 916 2712 tuo
940 2647 972 2712 in'
996 2671 1108 2734 agruor
1134 2650 1220 2714 iltius
1244 2652 1421 2734 impendet,
1453 2653 1480 2716 si

298 2777 352 2838 per
376 2763 407 2818 te
430 2761 505 2832 stat,
529 2777 591 2840 quo
615 2755 719 2820 minus
744 2754 836 2838 pedes
860 2754 1040 2838 quindeoirn
1065 2777 1083 2818 a
1108 2759 1193 2820 terra
1219 2777 1288 2820 eum
1305 2757 1401 2820 ultius
1426 2779 1479 2820 co·

298 2881 419 2936 erosas,
453 2865 542 2938 tuno,
571 2861 760 2944 quominus
791 2859 838 2922 iili
861 2859 908 2922 ita
931 2879 1071 2922 ooeroere
1096 2858 1250 2944 lignaque
1275 2861 1336 2924 sibi
1361 2861 1478 2928 babere

299 2964 401 3040 liceat,
427 2989 455 3028 v.
474 2966 494 3030 f.
515 2965 561 3030 v.⁰

215 3100 279 3136 ιη.
387 3071 434 3132 lu.
471 3069 901 3154 Deglundelegenda.
951 3068 1115 3150 Glande1n‚
1140 3093 1275 3154 quaeex
1293 3070 1380 3136 iilius
1400 3094 1478 3153 agro

296 3173 329 3238 in
353 3179 443 3238 turun
467 3175 567 3252 undat,
593 3197 655 3258 quo
680 3175 782 3238 nriuus
807 3173 854 3238 illi
878 3173 972 3238 tertio
997 3195 1122 3258 quoque
1146 3174 1195 3238 die
1219 3176 1323 3260 legero
1348 3177 1471 3240 auferre

297 3279 400 3354 lineat,
426 3303 454 3344 v.
472 3280 492 3342 f.
514 3279 575 3342 v.¹⁰

388 3387 434 3448 17.
459 3409 486 3450 a.
520 3385 572 3448 De
597 3385 752 3448 humine
777 3383 906 3446 libero
931 3380 1164 3448 exhibendo.
1215 3388 1314 3458 Quem
1338 3383 1476 3448 liberunt

297 3490 369 3554 dolo
395 3490 477 3554 rualo
501 3489 627 3568 retinen,
652 3487 847 3554 exhibeus¹¹.

386 3596 413 3658 b.
450 3595 504 3658 De
535 3594 684 3658 liberis
721 3591 985 3667 exhibendis,
1021 3591 1118 3654 item
1153 3592 1364 3658 ducendis.
1414 3595 1476 3672 (tui

298 3721 418 3784 quaero
440 3699 472 3762 iu
498 3705 653 3782 potestate
676 3699 763 3764 Luoii
788 3697 864 3762 Titii
888 3701 951 3770 est,
984 3695 1011 3758 si
1035 3697 1061 3758 is
1085 3718 1159 3760 eave
1184 3697 1267 3778 apud
1292 3701 1323 3760 te
1346 3703 1394 3762 est
1417 3699 1475 3764 do-

298 3806 367 3868 love
395 3803 478 3868 mulo
508 3811 563 3868 tuo
587 3805 707 3868 facturn
731 3808 794 3880 est,
826 3825 889 3886 quo
913 3801 1018 3864 minus
1047 3801 1128 3884 apud
1154 3805 1185 3864 te
1209 3806 1299 3878 esset,
1340 3803 1385 3868 itu
1408 3825 1479 3866 eurn

298 3931 405 3972 euurve
428 3909 620 3974 exhibeas¹⁹.
666 3908 699 3972 Si
724 3908 837 3974 Lucius
862 3905 966 3970 Titius
989 3905 1021 3968 iu
1040 3911 1197 3990 potestate
1217 3905 1304 3970 Lucii
1323 3906 1401 3972 Titii
1419 3914 1477 3986 est,

299 4037 361 4098 quo
386 4015 489 4078 rninus
512 4036 583 4080 euur
607 4013 703 4078 Lucio
728 4013 813 4076 Titio
837 4012 949 4074 ducere
974 4010 1076 4086 liceat,
1101 4035 1127 4074 v.
1146 4013 1168 4076 f.
1188 4010 1252 4076 ν.13

371 4190 396 4246 n
417 4189 453 4242 1).
473 4191 629 4254 ruarmo.
660 4217 687 4226 -
707 4187 736 4254 2)
760 4185 799 4252 us.
819 4184 856 4238 1).
876 4187 1084 4250 ruerunt-o.
1106 4214 1137 4220 -
1158 4185 1184 4252 :n
1204 4184 1240 4238 1).
1259 4189 1366 4252 tnunr
1384 4203 1426 4252 pr.
1448 4215 1480 4228 -·

298 4277 327 4335 4)
347 4275 383 4330 D.
403 4279 507 4342 rsa-,ur
523 4291 566 4340 pr.
589 4303 618 4312 -
640 4277 666 4338 t)
685 4272 721 4326 D.
741 4277 847 4340 nunno
861 4289 905 4340 pr.
925 4272 1212 4340 -o)1).uu‚1„ru‚u
1236 4301 1260 4312 -
1279 4271 1306 4336 7)
1320 4273 1356 4328 n.
1373 4279 1481 4342 runnu

295 4379 339 4430 pr.
365 4392 399 4402 -··
422 4361 449 4428 8)
470 4361 505 4414 l).
525 4364 628 4424 totth!
643 4377 688 4428 pr.
709 4390 741 4398 -
761 4360 787 4428 9)
807 4359 844 4412 D.
864 4362 1003 4419 rurum.
1028 4388 1053 4398 -
1077 4359 1120 4428 10)
1141 4359 1177 4414 l).
1197 4364 1303 4416 tisun!
1316 4377 1359 4426 pr.
1383 4391 1413 4400 -
1436 4363 1479 4430 ll)

300 4449 335 4502 D.
356 4454 459 4514 turtur
477 4465 519 4516 pr.
541 4477 571 4486 --
594 4445 692 4512 1251).
712 4450 816 4512 autur
832 4464 875 4514 pr.
898 4477 929 4486 «-
952 4448 994 4506 13)
1014 4446 1050 4500 D.
1070 4451 1176 4507 t.'t..'·tt)‚:t
1191 4465 1235 4516 pr.
