3386 5240
727 1111 1033 1212 PRAEFATIO

570 1322 884 1392 EDITIONIS
919 1323 1191 1400 uorurin.

355 1672 498 1784 Litteris
523 1721 555 1782 et
583 1719 690 1783 amicis
714 1723 883 1802 postquam
908 1722 1033 1802 ereptus
1068 1723 1115 1782 est
1140 1717 1281 1788 carolus
1307 1717 1466 1805 [lentulus

286 1849 410 1935 Brulla,
443 1849 559 1916 horum
582 1855 644 1929 est,
679 1855 713 1914 ut
738 1853 893 1934 quantum
926 1849 994 1913 fieri
1019 1855 1124 1932 potest
1152 1852 1184 1915 in
1208 1853 1336 1917 illarum
1359 1875 1467 1918 curam

288 1996 359 2039 eam
381 1973 560 2049 succedant,
587 1995 683 2058 quam
706 1972 774 2056 ipse
796 1971 1016 2054 praestitisset,
1040 1972 1068 2035 si
1087 1973 1153 2037 fata
1170 1974 1327 2040 sivissent.
1364 1975 1467 2052 Quam

289 2099 330 2163 ob
354 2119 421 2161 rem
443 2097 528 2161 iusta
554 2095 658 2160 facere
681 2096 791 2172 amico,
824 2095 912 2158 cuius
937 2116 1038 2180 angor
1063 2095 1227 2175 desiderio,
1252 2098 1397 2180 equidem
1420 2099 1467 2162 ita

288 2221 422 2298 decrevi,
445 2223 482 2284 ut
506 2218 646 2283 fontium
667 2218 746 2282 iuris
771 2216 907 2282 Romani
931 2219 1066 2303 antiqui,
1093 2241 1228 2303 quorum
1252 2243 1323 2284 cum
1339 2226 1467 2286 auctore

286 2344 360 2408 vivo
383 2347 548 2428 tamquam
575 2342 751 2406 communis
773 2341 854 2408 mihi
869 2364 945 2406 cura
961 2341 1035 2418 fuit,
1059 2343 1203 2406 futuram
1219 2343 1468 2427 recognitionem

288 2471 321 2532 et
343 2465 615 2531 continuationem
639 2470 712 2549 post
735 2466 801 2530 eius
825 2466 948 2529 obitum
973 2465 1181 2529 immaturum
1203 2467 1236 2528 in
1260 2489 1310 2531 me
1326 2467 1466 2550 suscipe·

289 2613 363 2654 rem.
410 2588 522 2654 Prodit
553 2589 656 2673 igitur
679 2589 740 2651 iam
766 2587 909 2672 syllogae
931 2587 998 2650 eius
1023 2589 1120 2652 editio
1145 2588 1258 2672 quinta
1281 2588 1359 2652 meis
1383 2588 1467 2668 curis

287 2716 381 2777 aucta
403 2717 435 2776 et
457 2709 606 2794 expolita.
656 2708 693 2773 ln
717 2732 753 2773 ea
778 2732 873 2793 opera
896 2711 973 2774 duas
997 2734 1046 2775 res
1075 2715 1202 2776 secutus
1224 2734 1304 2788 sum,
1328 2712 1466 2796 primum

287 2837 378 2899 utin
401 2857 525 2898 summa
550 2857 582 2899 re
605 2834 728 2918 sylloge
752 2833 825 2897 talis
849 2839 1000 2912 maneret,
1033 2833 1157 2919 qualem
1183 2838 1293 2898 auctor
1316 2855 1383 2897 esse
1407 2855 1463 2897 vo-

288 2959 357 3036 luit,
382 2957 493 3022 deinde
525 2961 561 3021 ut
583 2979 664 3042 quae
687 2958 808 3039 ipsum,
840 2957 867 3020 si
890 2957 1033 3036 vixisset,
1060 2958 1310 3035 {emendaturum
1333 2957 1383 3021 vel
1409 2957 1465 3020 ad·
1550 3016 1552 3020 ,

285 3082 440 3146 iacturum
464 3080 561 3144 fuisse
586 3101 769 3163 persuasum
793 3080 905 3155 habeo,
930 3102 966 3144 ea
991 3085 1138 3162 postuma
1163 3079 1222 3144 hac
1241 3101 1338 3162 opera
1355 3083 1462 3143 muta·
1525 3075 1526 3078 '

288 3208 399 3268 rentur
421 3207 454 3267 et
475 3202 673 3270 adderentur.

369 3326 482 3412 Itaque
505 3349 586 3411 quae
609 3350 647 3391 ex
673 3328 887 3391 monumentis
910 3327 1040 3392 librisve
1065 3328 1180 3413 selegit
1204 3327 1369 3401 BrunsiuS,
1395 3324 1462 3390 suis

284 3448 362 3514 locis
392 3449 508 3533 reliqui
539 3451 647 3514 omnia
670 3473 771 3536 neque
794 3453 964 3536 quicquam
989 3453 1124 3531 sustuli,
1158 3473 1352 3536 quamquem
1375 3453 1466 3514 erant

287 3594 367 3656 quae
399 3574 505 3636 omitti
534 3579 672 3656 possent.
719 3573 803 3638 Nam
827 3575 860 3638 iu
884 3576 1038 3640 eiusmodi
1061 3575 1185 3640 delectu
1208 3596 1280 3638 cum
1302 3573 1366 3637 alia
1391 3570 1464 3636 aliis

285 3696 461 3780 probentur
483 3699 515 3759 et
537 3695 571 3757 in
595 3695 703 3760 multis
727 3717 835 3760 acasu
859 3701 962 3782 magis
986 3720 1080 3783 quam
1099 3723 1117 3762 a
1134 3697 1250 3762 iudicio
1266 3698 1369 3762 editor
1385 3717 1464 3779 pen-

284 3818 368 3898 deat,
392 3819 589 3882 committere
612 3819 709 3895 nolui,
735 3823 771 3883 ut
797 3842 877 3903 quae
901 3843 956 3904 per
982 3825 1135 3904 quattuor
1158 3820 1313 3885 editiones
1329 3820 1465 3885 circum·

281 3940 443 4018 teruntur,
466 3943 500 4005 in
524 3943 637 4026 quinta
660 3942 721 4007 hac
748 3943 1011 4008 desiderarentur.

371 4065 399 4128 Ε
423 4065 587 4129 contrario
609 4088 715 4130 meum
739 4087 806 4131 esse
824 4066 1015 4144 existimavi,
1040 4071 1077 4130 ut
1092 4089 1172 4151 quae
1188 4066 1220 4129 in
1241 4065 1301 4130 hoc
1318 4065 1464 4129 volumen

285 4191 412 4272 recepta
435 4191 520 4265 sunt,
545 4188 591 4252 ita
614 4189 659 4252 ibi
676 4190 834 4276 legantur,
858 4190 965 4274 utqui
982 4213 1018 4254 eo
1035 4191 1138 4255 utitur
1155 4194 1241 4254 certo
1257 4189 1465 4253 fundamento

284 4310 413 4374 insistet
435 4333 537 4395 neque
560 4313 721 4376 erroribus
746 4313 976 4377 coniecturisve
1000 4311 1106 4376 tacitis
1128 4311 1270 4376 fallatur.
1305 4309 1408 4388 Quam
1424 4308 1464 4372 ob

284 4455 353 4499 rem
374 4437 442 4499 tam
466 4439 674 4498 monumenta
698 4458 793 4518 quarn
818 4438 983 4499 auctorum
1008 4434 1093 4498 locos
1117 4433 1287 4516 adprobas
1310 4431 1464 4496 editiones
