3400 5254
302 381 343 448 52
492 424 494 430 ,
721 378 799 444 Cato,
819 379 852 434 de
871 381 933 450 agri
953 381 1073 436 cultura.

389 557 419 622 2.
454 553 532 620 Vini
555 555 588 618 in
605 554 725 632 culleos
749 557 894 641 singulos
917 559 1140 644 quadragenae
1163 565 1195 624 et
1218 561 1363 646 singulae
1385 589 1488 632 urnae

301 661 473 727 dabuntur.

389 768 418 834 3.
456 769 547 846 Quod
571 792 672 854 neque
695 776 785 834 aceat
813 793 915 856 neque
946 777 1086 850 muceat,
1116 773 1149 836 id
1173 773 1311 838 dabitur.

389 875 419 939 4.
452 873 490 938 In
514 875 621 938 triduo
645 896 800 958 proxumo
817 877 878 940 viri
893 877 969 941 boni
986 877 1146 944 arbitratu
1162 879 1338 964 degustato.
1375 879 1402 943 si
1417 902 1485 946 nou

301 980 348 1042 ita
363 979 484 1057 fecerit,
501 981 610 1042 vinum
627 1003 685 1064 pro
702 982 871 1066 degustato
886 983 957 1047 erit.
981 988 1060 1066 quot
1072 983 1138 1048 dies
1149 1006 1206 1066 per
1218 985 1381 1050 dominum
1393 1007 1488 1049 mora

300 1083 409 1160 fuerit,
427 1107 490 1168 quo
506 1085 613 1149 minus
628 1085 738 1150 vinum
754 1087 911 1171 degustet,
928 1088 1062 1152 totidem
1072 1087 1139 1152 dies
1151 1090 1287 1172 emptori
1300 1091 1485 1172 procedent·

260 1180 279 1243 2
389 1191 418 1252 5.
450 1189 570 1253 Vinum
588 1191 723 1274 accipito
739 1195 812 1255 ante
828 1191 858 1256 k.
872 1191 939 1256 lan.
958 1193 1086 1276 primas,
1104 1193 1131 1256 si
1148 1217 1212 1260 non
1227 1199 1300 1262 ante
1316 1197 1485 1280 acceperit.

389 1297 418 1362 6.
452 1295 610 1362 Dominus
635 1297 742 1362 vinum
759 1297 959 1362 admetiatur.
993 1299 1076 1382 quod
1094 1299 1260 1364 admensus
1277 1302 1347 1379 erit,
1371 1325 1429 1384 pro
1445 1324 1488 1368 eo

300 1398 487 1468 resolvito¹.·

390 1507 419 1570 7.
455 1503 489 1570 Si
514 1511 638 1589 emptor
661 1506 842 1589 postularit,
866 1507 1012 1574 dominus
1035 1507 1084 1572 ius
1114 1511 1283 1576 iurandum
1316 1512 1404 1576 dabit
1427 1536 1486 1578 ve-

299 1634 370 1676 rum
393 1611 514 1677 fecisse.

390 1719 420 1782 8.
459 1714 559 1780 Locus
591 1716 674 1780 vinis
709 1717 748 1780 ad
780 1718 812 1781 k.
846 1716 998 1784 Octobres
1029 1721 1148 1803 primas
1176 1721 1311 1788 dabitur.
1353 1725 1379 1788 si
1406 1729 1486 1790 ante

300 1843 364 1886 non
391 1821 621 1904 deportaverit,
651 1821 797 1888 domiuus
826 1824 899 1887 vino
923 1825 998 1908 quid
1023 1825 1108 1888 volet
1131 1823 1252 1889 faciest.

389 1929 418 1991 9.
454 1924 566 1991 Cetera
588 1927 648 2004 lex,
673 1949 753 2010 quae
774 1928 863 1992 oleae
886 1929 1045 2010 pendenti.

171 2027 281 2084 CXLIX
392 2036 420 2097 1.
456 2031 541 2107 ⁸Qua
562 2032 633 2114 lege
655 2033 808 2116 pabulum
831 2033 1000 2098 hibernum
1024 2035 1133 2098 venire
1156 2039 1310 2120 oporteat.

390 2139 420 2204 2.
456 2138 525 2214 Qua
548 2139 674 2216 vendas,
697 2138 792 2202 fines⁴
817 2139 922 2203 dicito.
961 2139 1112 2224 pabulum
1129 2141 1193 2205 frui
1209 2141 1343 2226 occipito
1361 2165 1399 2206 ex
1414 2143 1482 2208 kal.

300 2241 550 2326 Septembribus.
585 2250 678 2326 prato
701 2245 783 2308 sicco
808 2245 947 2322 decedat,
975 2245 1030 2309 ubi
1057 2246 1161 2330 pirus⁶
1188 2245 1301 2312 florere
1327 2247 1485 2330 coeperit:

298 2351 392 2430 prato
413 2350 551 2434 inriguo,
574 2347 629 2412 ubi
645 2371 739 2430 super
762 2348 907 2433 inferque
931 2349 1051 2414 vicinus
1075 2350 1270 2430 submittet⁶,
1293 2355 1364 2418 turn
1387 2353 1483 2418 dece--

299 2454 376 2532 dito,
401 2454 451 2518 vel
473 2454 555 2518 diem
571 2458 689 2517 certam
707 2455 835 2538 utrique
858 2455 965 2519 facite.
1002 2460 1105 2520 cetero
1126 2457 1247 2538 pabulo
1270 2456 1333 2520 kal.
1352 2455 1486 2522 Martiis

299 2555 466 2624 decedito⁷.
1434 2635 1445 2654 ¹

258 2661 278 2722 2
386 2667 415 2730 3.
452 2667 561 2731 Bubus
578 2669 705 2732 domitis
726 2669 835 2748 binis⁸,
853 2671 1016 2734 cantherio
1033 2670 1113 2746 uni⁹,
1131 2692 1202 2734 cum
1219 2673 1343 2752 emptor
1360 2673 1484 2751 pascet,

298 2770 426 2834 domino
453 2793 579 2854 pascere
607 2773 766 2855 recipitur.

386 2877 417 2940 4.
452 2875 589 2954 Holeris,
622 2877 794 2960 asparagis
828 2877 936 2962 lignis,
969 2901 1061 2962 aqua,
1095 2880 1222 2956 itinere,
1257 2883 1329 2944 actu
1357 2879 1482 2944 domini

298 2981 436 3046 usioni¹⁰
459 2982 618 3065 recipitur.
1482 3048 1485 3054 .

385 3089 413 3152 5.
449 3087 482 3154 Si
506 3088 581 3172 quid
605 3092 729 3171 emptor
752 3093 808 3152 aut
824 3091 965 3172 pastores
989 3094 1044 3154 aut
1073 3111 1166 3173 pecus
1182 3089 1333 3172 emptoris
1350 3089 1485 3154 domino·

181 3251 187 3263 .
297 3194 405 3258 damni
431 3193 561 3269 dederit,
590 3192 776 3258 boniviri11
804 3193 961 3258 arbitratu
990 3193 1137 3260 resolvat.

387 3300 414 3364 6.
450 3297 483 3367 Si
507 3299 581 3382 quid
606 3297 752 3362 dominus
782 3303 838 3362 aut
861 3297 983 3361 familia
1015 3301 1071 3362 aut
1092 3320 1186 3381 pecus
1210 3295 1345 3379 emptori
1369 3297 1484 3363 damni.

297 3403 426 3481 dederit,
451 3405 511 3466 viri
537 3405 614 3466 boni
638 3403 795 3482 arbitratu
820 3403 1005 3466 resolvetur.

385 3508 414 3572 7.
455 3508 610 3572 Donicum
638 3509 831 3592 pecuniam¹²
853 3506 1044 3571 satisfecerit
1067 3511 1123 3570 aut
1138 3506 1302 3590 delegarit,
1327 3527 1421 3588 pecus
1445 3512 1486 3570 et.

296 3612 432 3690 familia,
460 3635 541 3697 quaa
566 3613 633 3676 illic
659 3613 729 3690 erit,
760 3613 886 3695 pignori
914 3616 1020 3676 sunto

385 3718 414 3781 8.
453 3715 487 3780 Si
521 3717 597 3800 quid
629 3718 667 3780 de
698 3716 738 3780 iis
769 3715 863 3780 rebus
891 3717 1124 3782 controversiae
1151 3719 1220 3796 erit,
1251 3714 1369 3780 Romae
1393 3715 1486 3780 iudi--

296 3823 380 3886 cium
403 3823 471 3886 fiat.

316 3965 503 3972 ...---,-...-.

367 4033 392 4100 l)
411 4048 462 4100 pro
481 4047 512 4085 eo
525 4030 672 4100 resolvito]
692 4049 744 4100 pro
764 4048 795 4086 eo
814 4030 943 4086 dominus
955 4047 1013 4084 rem
1029 4029 1131 4084 soluite
1153 4028 1180 4082 0.
1200 4059 1234 4066 —
1253 4029 1281 4095 2)
1301 4025 1388 4082 Locus
1403 4026 1486 4082 vinis.

297 4163 320 4174 ..
338 4161 342 4172 .
362 4119 450 4173 faciet
468 4118 537 4171 raaia
553 4121 668 4186 repetita
686 4125 753 4172 aaut
772 4135 805 4172 etc
819 4122 909 4173 c.147.
929 4148 963 4157 -
981 4119 1009 4185 3)
1028 4116 1139 4176 CLVIII
1158 4117 1213 4170 Lex
1232 4115 1337 4186 pabulo
1356 4115 1482 4172 locando

294 4209 376 4262 iudea
397 4206 425 4262 0.
455 4238 485 4246 -
505 4207 531 4274 4)
553 4205 631 4274 fines]
651 4205 714 4260 finis
736 4205 763 4258 Ο.
783 4237 818 4244 -
838 4207 864 4275 5)
884 4205 961 4276 prius
979 4212 1009 4258 ut
1028 4205 1139 4270 uidetur,
1162 4203 1190 4257 O.
1215 4233 1247 4242 -
1267 4203 1295 4271 6)
1313 4201 1486 4274 submittet}

293 4296 390 4364 scripsi
409 4295 455 4361 (cf.
478 4293 709 4360 edicantur),
729 4293 877 4362 promittet
899 4293 927 4346 0.
948 4323 976 4334 -
996 4295 1023 4362 7)
1042 4291 1177 4358 decedito]
1197 4291 1265 4356 edd,
1281 4288 1371 4344 cedite
1394 4288 1422 4344 0.
1443 4321 1478 4337 -ι-

294 4381 322 4447 8)
340 4381 424 4450 binis]
443 4381 511 4446 edd,
529 4378 611 4434 bimis
630 4397 652 4434 c.
672 4410 705 4418 -
725 4381 752 4446 9)
771 4379 832 4448 uni]
849 4381 920 4446 dett,
941 4379 1000 4432 uini
1022 4379 1049 4434 O.
1070 4409 1103 4418 -
1124 4378 1168 4448 10)
1187 4378 1246 4432 usio
1260 4376 1420 4430 Gronovius.
1442 4409 1488 4420 -ψ

297 4469 339 4537 11)
358 4467 422 4536 viri]
442 4484 478 4519 ua
500 4466 527 4520 Ο.
547 4495 581 4506 -
602 4467 642 4534 12)
663 4469 753 4519 malim
772 4452 899 4536 pecunia.
1561 4461 1564 4466 “
