3400 5254
304 383 345 448 68
754 385 863 441 Nonius
883 386 1038 442 Marcellus.

302 558 601 646 Recepticium
626 584 752 626 servum
777 562 907 647 quidam
930 598 972 607 —-
996 564 1116 628 dictum
1140 565 1262 645 volunt,
1288 604 1321 614 -·
1352 567 1407 650 qui
1430 589 1488 631 ve-

301 667 475 731 numdatus
499 667 539 732 ob
564 667 695 752 aliquod
725 705 767 714 -
799 667 1003 733 malefactum
1029 692 1048 733 a
1078 671 1265 735 distractore
1295 673 1489 756 recipietur;

301 772 356 837 sed
380 795 455 836 vera
477 773 556 837 haec
579 777 627 836 est
650 772 718 836 eius
741 773 879 838 nominis
895 775 1137 858 interpretatio:
1161 797 1255 859 quem
1271 775 1303 838 iu
1321 776 1396 842 duta
1412 777 1491 840 dote

302 882 359 942 aut
386 877 559 942 donatione
585 877 664 960 vquis
689 879 866 962 exceperit,
900 879 984 962 quod
1012 883 1060 943 est
1082 879 1210 963 proprie
1234 881 1418 964 receperit.
1442 917 1487 927 —

304 1019 342 1030 -
369 981 461 1049 Cato:
486 982 611 1047 ‘mulier
635 987 667 1047 et
693 1005 843 1067 magnam
868 985 974 1048 dotem
997 985 1107 1048 dotet
1130 986 1488 1069 magnampecuniam¹'

302 1089 447 1164 retinet';
472 1110 509 1151 ex
532 1110 569 1152 ee
590 1088 692 1173 igitur
718 1111 751 1153 re
767 1088 929 1167 familiari,
954 1088 1066 1174 quam⁹
1082 1090 1144 1154 sibi
1161 1091 1234 1154 dote
1250 1091 1325 1154 data
1340 1091 1490 1170 retinuit,

302 1195 470 1280 pecuniam
494 1195 563 1258 viro
588 1198 735 1258 mutuam
759 1195 833 1258 dat:
864 1217 932 1258 eam
955 1194 1138 1278 pecuniam²
1163 1218 1182 1258 a
1205 1196 1273 1260 viro
1296 1196 1380 1260 forte
1403 1195 1494 1260 irata

303 1302 446 1383 repetere
469 1298 631 1374 instituit3
665 1299 798 1382 adponit
821 1299 850 1363 ei
871 1298 1085 1386 flagitatorem
1111 1300 1323 1384 recepticium,
1355 1300 1493 1388 hoc-est

302 1404 486 1488 proprium,
521 1426 630 1481 suum,
663 1426 757 1487 quem
791 1404 913 1488 reliqua
935 1406 1069 1488 pecunia
1092 1410 1254 1490 receperat
1276 1428 1334 1472 nec
1357 1407 1494 1471 dederat

303 1510 382 1588 doti,
406 1509 460 1574 sed
485 1514 660 1592 exceperat.
707 1513 751 1574 38
772 1540 801 1560 =
830 1509 956 1574 Gellius
979 1514 1063 1585 17,6.

305 1613 561 1693 Ricinium³,
595 1614 679 1698 quod
713 1633 798 1676 nunc
820 1612 1010 1677 masurtium
1034 1613 1166 1693 dicitur,
1200 1615 1367 1698 palliolum
1390 1613 1487 1679 femi·

303 1745 401 1787 neum
424 1721 528 1785 breve.
577 1719 679 1783 Varro
703 1754 744 1764 -
773 1718 811 1782 de
834 1717 954 1800 vitup.
981 1716 1020 1782 u.
1045 1741 1105 1782 -ε
1141 1719 1223 1784 ‘Ex‘
1251 1741 1314 1802 quo
1338 1719 1493 1784 mulieres

304 1829 338 1892 in
360 1864 404 1874 -
427 1824 578 1902 luctibus,
601 1845 671 1887 cum
695 1845 821 1887 omnem
837 1823 988 1888 vestitum
1004 1824 1218 1890 delicatiorem
1237 1847 1273 1889 ac
1288 1825 1490 1890 luxoriosum

305 1971 346 1982 —
370 1935 504 2016 ponunt,
528 1929 640 1993 ricinia
663 1930 819 1992 sumunt'.
865 1933 940 1992 371.

305 2035 628 2120 Scripturarios
666 2037 807 2109 veteres,
841 2055 921 2117 quos
945 2055 1029 2096 nunc
1053 2027 1229 2098 tabularios
1254 2035 1399 2114 dicimus,
1424 2035 1488 2099 dici

306 2145 435 2221 volunt,
466 2141 550 2225 quod
574 2139 743 2222 scripturis
768 2142 800 2202 et
822 2138 1060 2202 commentariis
1083 2140 1191 2203 omnia
1213 2139 1264 2204 vcl
1285 2141 1414 2204 urbium
1435 2140 1486 2203 vel

305 2247 541 2333 provinciarum
564 2244 862 2327 complecterentur.
909 2243 1049 2308 Lucilius
1073 2243 1094 2308 l.
1118 2242 1242 2310 XXVI:
1267 2244 1491 2310 ‘Publicanusf'

305 2375 379 2418 vero
402 2357 439 2415 ut
460 2349 556 2414 Asiae
579 2349 665 2426 fiam,
690 2348 742 2412 uu
767 2349 1015 2432 scripturarius'.
1062 2354 1108 2415 26
1114 2349 1135 2416 ⁷.

305 2454 628 2542 Sexagenarios
657 2476 714 2536 per
744 2458 873 2538 pontem
907 2454 1080 2520 mittendos
1103 2455 1188 2520 male
1211 2455 1265 2519 diu
1287 2455 1495 2538 popularitas

305 2561 464 2629 intellexit
479 2559 507 2638 ⁸,
542 2581 612 2623 cunr
636 2555 741 2620 Varro
770 2557 808 2621 de
830 2558 898 2621 vita
921 2580 949 2641 p.
975 2556 1014 2622 R.
1039 2559 1271 2624 -honestem
1295 2582 1421 2624 causam
1446 2596 1488 2607 —

305 2666 511 2753 patefecerit:
541 2669 624 2728 ‘cum
647 2662 680 2726 in
707 2662 854 2744 quintum
878 2663 1014 2747 gradum
1038 2670 1248 2746 pervenerant
1271 2668 1367 2748 atque
1390 2664 1497 2728 habe·

306 2775 386 2838 bant
418 2770 586 2854 sexaginta
620 2789 736 2845 annos,
769 2771 839 2830 tum
869 2767 1004 2851 denique
1033 2772 1124 2832 erant
1148 2791 1166 2832 a
1190 2768 1324 2852 publicis
1348 2767 1497 2852 negotiis.

305 2876 401 2943 liberi
431 2880 527 2958 atque
559 2871 665 2936 otiosi.
711 2868 786 2934 Ideo
813 2871 848 2934 iu
870 2869 1039 2952 proverbio
1063 2871 1192 2956 quidum
1216 2875 1331 2956 putant
1354 2871 1496 2948 venisse,¹

307 2987 344 3047 ut
366 2982 533 3058 diceretur,
562 2974 790 3061 sexagenarios
814 2975 852 3039 de
874 2979 972 3058 ponte
995 2976 1075 3041 deici
1099 2981 1254 3061 oportere,
1278 2976 1309 3039 id
1333 2976 1495 3059 estquod

306 3087 496 3172 suffragium
519 3104 584 3147 non
607 3081 725 3158 ferant,
750 3081 835 3165 quod
858 3104 915 3165 per
938 3087 1068 3166 pontem
1091 3082 1256 3148 ferebant'.
1302 3085 1377 3147 358.

308 3193 402 3271 Usu,
426 3192 459 3255 id
482 3192 531 3254 est
553 3188 682 3265 utend0,
708 3187 791 3251 unde
815 3189 847 3250 et
863 3209 1017 3270 usurpare
1041 3187 1235 3265 dictumest,
1258 3185 1397 3250 obtineri
1413 3185 1495 3268 quid

307 3297 402 3364 cum⁹
432 3295 551 3380 possit,
585 3298 708 3357 veteres
740 3314 799 3356 usu
823 3291 944 3375 perire,
973 3291 1034 3358 boc
1056 3298 1105 3358 est
1127 3315 1191 3358 non
1215 3293 1342 3371 utendo,
1367 3290 1492 3375 aliquid

307 3426 409 3489 posse.
455 3400 589 3464 Plautus
605 3397 826 3482 Amfitryone:
850 3434 891 3446 —
911 3400 1057 3480 '‘eavesis,
1082 3420 1122 3462 ne
1145 3402 1179 3461 tu
1204 3402 1236 3462 te
1258 3419 1317 3461 usu
1340 3395 1497 3480 perduis'..

307 3513 383 3574 307.

311 3611 488 3676 Viritim
510 3610 630 3674 dictum
653 3613 703 3672 est
726 3608 900 3692 separatim
924 3612 957 3672 et
979 3629 1036 3691 per
1059 3605 1203 3690 singulos
1220 3605 1316 3668 viros.
1349 3602 1392 3667 M.
1409 3601 1494 3666 Tul-1

306 3719 369 3782 lius
393 3717 431 3780 de
454 3737 488 3779 re
510 3713 681 3798 publica¹⁰
703 3736 761 3778 -ι
787 3735 823 3778 ac
846 3713 968 3797 primus
992 3733 1097 3798 egros,
1122 3734 1202 3796 quos
1225 3710 1310 3774 bello
1329 3707 1495 3772 Romulus.

308 3865 517 3876 ....-..—--

398 3942 423 4006 1)
440 3938 541 4008 recipit
564 3939 615 3993 hoc
640 3939 683 3992 est
711 3941 740 3992 et
767 3954 903 4006 magnam
931 3937 1024 3993 dotem
1054 3936 1105 3990 det
1131 3939 1160 3991 et
1185 3953 1320 4005 maguum
1340 3933 1495 4005 pecuniam

307 4033 358 4086 ius.
379 4029 462 4084 Gellii
481 4029 589 4095 (17,6‚1)
619 4026 739 4080 codicum
751 4025 865 4093 familia
882 4025 1012 4092 deterior,
1040 4041 1089 4080 om.
1110 4025 1191 4079 Gellii
1212 4025 1276 4078 libre¹
1291 4024 1413 4078 meliores
1430 4039 1498 4076 cum·

308 4120 400 4174 Nouio
420 4117 605 4171 Gelliouorum
624 4115 803 4182 compilatore.
829 4143 863 4153 -
888 4114 916 4182 2)
934 4113 1035 4181 quem]
1055 4111 1167 4176 Gellius,
1186 4128 1294 4180 exque
1313 4111 1401 4164 Nouii
1418 4110 1500 4176 libri,¹

310 4206 371 4261 viro
390 4224 428 4260 m.
442 4204 469 4260 d.
483 4221 506 4258 e.
518 4203 666 4276 pecuniam
684 4202 763 4256 hobel
775 4200 886 4268 Gellius,
906 4217 957 4254 om.
970 4199 1034 4252 libri
1045 4199 1174 4256 Noniani.
1196 4228 1228 4238 -
1245 4199 1275 4266 3)
1287 4196 1406 4252 ricinum
1420 4197 1490 4252 lubet.

311 4324 345 4336 -
364 4295 395 4362 4)
415 4296 443 4348 et
462 4293 531 4347 libri.
557 4321 591 4330 -
611 4292 638 4360 5)
657 4290 839 4360 publicanum
859 4289 929 4342 libri.
955 4318 986 4327 -
1015 4287 1044 4356 6)
1064 4286 1105 4356 ut]
1125 4302 1174 4340 om.
1195 4285 1302 4340 Nouius
1320 4285 1405 4339 altero
1425 4284 1501 4338 loco..

309 4413 345 4424 -
363 4384 390 4447 7)
410 4381 451 4449 Of.
472 4380 569 4433 Festus
586 4395 610 4431 o.
629 4375 841 4446 Scripturarius.
861 4405 895 4415 -
913 4376 941 4440 8)
961 4375 1003 4441 Gf.
1023 4374 1120 4428 Feslrus
1137 4391 1162 4427 o.
1181 4370 1390 4441 Sexagenurios.
1410 4401 1443 4411 —
1462 4370 1498 4439 9)

311 4472 358 4537 [sic
376 4469 479 4537 scripsi,
498 4466 624 4536 optinere
644 4464 799 4535 quidquam
820 4465 890 4519 libri.
918 4463 968 4517 Ta.
987 4463 1034 4532 Μ.)
1054 4492 1089 4504 -
1109 4462 1154 4532 10)
1176 4460 1229 4516 (lic.
1247 4461 1319 4514 der.
1336 4476 1355 4527 p
1375 4460 1502 4525 2‚14‚26..
