3400 5250
656 395 757 450 Edicta
776 396 810 452 de
832 396 983 465 Esquilino.
1353 401 1411 466 181

232 595 291 637 σαν
319 576 397 657 μετὰ
424 583 521 635 ταῦτα
549 573 580 635 ἐν
604 573 726 646 ἑαυτοῖς
750 572 897 654 κύρωσιν,
922 547 1076 660 >roardum
1100 574 1314 656 καρπίζωνται
1334 596 1409 658 κρα·

231 689 335 743 τῶσιν.
379 677 536 763 Ἔδοξεν]

228 877 378 942 omnibus
410 878 444 940 in
476 877 571 941 robus
598 875 782 959 seeundum]
810 877 955 955 futuram
988 877 1123 956 postbac
1155 878 1195 942 de
1226 879 1297 942 suis
1318 873 1413 938 rebus

13 1019 15 1108 )
223 986 413 1062 potestatem
436 986 571 1044 utantur
593 980 764 1064 [fruantur
785 983 930 1047 babeant.
985 981 1167 1066 Gemuere]

229 1209 284 1274 42.
309 1209 470 1273 Edicta
488 1212 526 1272 et
551 1213 723 1274 senatus
747 1209 942 1274 consultu
965 1210 1010 1274 de
1030 1231 1164 1294 campo
1187 1208 1410 1294 Esquilino.

632 1365 680 1430 (Α.
710 1363 831 1420 Edictum
851 1353 1011 1433 tractactu

321 1487 402 1556 Gippi
423 1487 477 1540 duo
500 1488 600 1556 lapidis
629 1487 768 1540 Tiburtini
789 1486 858 1540 idem
880 1486 993 1540 edictum
1015 1488 1179 1540 continentes
1195 1470 1294 1555 reperti
1311 1488 1413 1542 Romae

229 1577 298 1629 locis
315 1577 445 1644 antiquis,
463 1575 563 1630 scilicet
582 1582 658 1629 entra
677 1591 769 1628 muros
788 1574 940 1636 Seruianae,
958 1575 1028 1628 alter
1044 1581 1118 1630 metr.
1136 1578 1187 1629 176
1203 1598 1238 1623 =
1252 1576 1313 1643 ped.
1334 1575 1411 1630 Ram.

230 1681 254 1717 a.
274 1665 329 1716 600
348 1663 382 1716 ab
400 1679 502 1732 cauere,
521 1678 573 1730 quo
592 1663 616 1716 is
631 1664 773 1730 promimus
791 1667 837 1726 est,
856 1668 1039 1730 antepartum
1057 1661 1214 1717 Viminalem
1229 1677 1313 1732 prope
1324 1669 1413 1716 castra

229 1752 388 1820 tractorias
407 1749 476 1802 alter
493 1755 566 1803 metr.
585 1752 636 1802 185
654 1771 689 1796 =
703 1750 764 1816 ped.
785 1749 862 1804 Rom.
883 1767 902 1803 c.
923 1753 974 1804 625
991 1751 1025 1804 ab
1047 1767 1140 1820 aquare
1157 1757 1341 1820 antepartum
1359 1751 1411 1806 Es·

231 1840 365 1907 quilinorn
382 1854 465 1906 prope
483 1837 511 1890 S.
530 1837 659 1905 Eusebii5
687 1840 875 1906 inscriptiones
899 1840 940 1892 ito
958 1839 1103 1892 collocatae
1120 1851 1197 1905 snut,
1220 1845 1252 1893 nt
1268 1839 1306 1892 ad
1321 1841 1412 1894 urbem

227 1927 383 1994 respiciant.
425 1925 579 1980 Terminant
602 1927 675 1994 erupi
699 1926 730 1979 lui
749 1928 874 1994 (itemque
892 1927 1026 1980 decretum
1044 1927 1188 1980 edictumue
1205 1927 1277 1995 quod
1292 1930 1412 1996 sequitur
1472 1981 1476 1988 ,

227 2013 319 2067 eodem
332 2014 394 2081 sere
411 2029 464 2081 quo
482 2015 551 2067 alter
568 2029 601 2066 eu
618 2014 660 2067 bis
678 2015 765 2082 napis
783 2015 839 2067 loca
859 2013 1043 2073 eruderatum)
1065 2030 1123 2067 eam
1136 2021 1243 2082 partam
1261 2017 1349 2083 campi
1359 2013 1411 2070 Es·

228 2101 336 2168 quilini,
356 2117 408 2169 quo
427 2106 515 2154 aetate
533 2101 631 2154 liberae
648 2104 689 2154 rei
702 2101 830 2170 publicae
848 2102 944 2155 licebat
962 2103 1080 2156 conicere
1097 2107 1121 2156 et
1139 2103 1196 2156 alia
1214 2104 1304 2156 omnia
1316 2105 1412 2172 etipsa

228 2189 363 2242 cadauera
382 2190 429 2258 (cf.
447 2189 557 2256 Becber,
580 2189 692 2258 Tapour.
711 2189 758 2242 der·
771 2179 850 2242 Stadt
863 2189 932 2242 Rom
947 2207 975 2257 p.
988 2181 1057 2256 554).
1095 2189 1193 2243 Edidit
1211 2205 1254 2243 eos
1265 2190 1410 2257 Loncium,
1507 2243 1510 2250 ,

228 2276 294 2330 bull.
316 2276 388 2330 della
407 2293 496 2331 corum
516 2277 589 2330 areb.
609 2293 711 2330 cornun.
733 2279 803 2329 1882
819 2295 844 2345 u.
861 2279 910 2329 159
929 2283 954 2330 et
966 2279 1034 2330 1884
1050 2288 1077 2344 p.
1088 2281 1129 2330 58.
1148 2309 1182 2316 -
1196 2278 1310 2331 Praetor
1325 2284 1411 2346 potest

227 2379 284 2418 esse
303 2371 352 2418 orit
369 2365 394 2418 is
412 2367 489 2418 cuius
506 2370 599 2418 entant
618 2364 725 2417 durarii
742 2365 868 2432 inscripti
886 2365 914 2417 L.
929 2363 1007 2417 Senti
1027 2364 1055 2420 Ο.
1075 2365 1094 2418 f.
1114 2367 1173 2418 cusi
1190 2370 1277 2418 aetate
1294 2365 1410 2420 Sullana

231 2457 307 2518 (rbrn
329 2451 499 2505 Milueuesen
515 2468 542 2520 p.
561 2454 622 2516 579)
646 2457 695 2504 out
710 2452 804 2519 potius
816 2451 894 2519 filius
912 2452 969 2505 eius
983 2456 1123 2518 praeterea
1140 2453 1254 2521 r'qnotres.
1276 2481 1307 2490 —
1326 2451 1409 2507 Edic-

221 2546 287 2593 ‘tum
308 2533 443 2608 moetoris
469 2540 569 2593 urbani
592 2539 641 2592 ltoc
667 2555 721 2592 esse
746 2539 887 2606 oaisimile
910 2544 948 2592 est
974 2555 1034 2592 cum
1049 2545 1160 2608 propter
1173 2541 1409 2608 praescriptionem

228 2633 287 2680 tum
301 2633 413 2696 morter
430 2627 510 2680 uerba
530 2626 694 2680 Tertulliani
711 2627 744 2680 de
761 2625 893 2694 pultat:
913 2643 929 2680 o
948 2625 1071 2681 edictum
1091 2628 1133 2680 cni
1154 2626 1275 2680 adscribi
1294 2645 1347 2682 non
1361 2645 1408 2698 po·

228 2714 310 2768 terit:
330 2713 434 2768 bonum
453 2715 574 2777 factum,
602 2716 799 2783 imitautnrque
816 2715 902 2768 edicta
919 2717 1126 2784 rauyntratuum
1143 2715 1247 2768 ludicra
1261 2716 1409 2784 popularia

225 2802 314 2854 reluta
332 2801 408 2870 apud
425 2801 582 2856 Suetonium
603 2802 676 2856 Caes.
695 2806 733 2856 80
750 2809 775 2856 et
800 2802 943 2856 Vitell14.
982 2803 1096 2857 Retinui
1111 2810 1199 2858 tamen
1217 2804 1349 2870 hocloco,
1376 2822 1409 2858 ue

226 2905 378 2957 separarem
401 2907 419 2943 a
444 2891 524 2944 titulo
550 2906 579 2944 eo
607 2893 654 2958 qui
679 2891 813 2960 sequitur,
844 2908 902 2944 cum
927 2892 1088 2960 praesertim
1106 2891 1218 2946 edictum
1236 2893 1409 2960 maai'stratus

226 2983 254 3030 et
271 2984 379 3032 senatus
402 2979 551 3032 consultum
569 2995 646 3048 saepe
664 2981 704 3032 ita
721 2980 774 3032 sibi
790 2979 982 3047 respondeant,
1010 2985 1042 3032 ut
1058 2979 1173 3033 uidimus
1189 2979 1250 3044 ieri
1266 2981 1296 3032 in
1314 2979 1408 3032 tabula

226 3064 259 3118 de
278 3065 497 3119 Bacchanalibus
516 3075 552 3134 (p.
572 3069 622 3119 160
640 3067 670 3118 iu
688 3067 817 3128 exordio).

315 3188 349 3254 L.
375 3188 502 3255 Sentius
526 3189 559 3255 0.
583 3190 607 3254 f.
631 3190 789 3274 prlaetor)
817 3189 862 3275 (¹²)
887 3192 926 3254 de
949 3190 1106 3274 scalatus)
1131 3190 1314 3274 sentlentia)
1339 3191 1407 3254 loca

226 3293 274 3379 (3)
300 3295 504 3365 terminanda
527 3295 709 3380 coemittit).
1164 3325 1166 3330 ·
1373 3317 1376 3324 ’

317 3399 363 3484 (4)
389 3387 540 3487 Β(οηιυιι)
558 3399 718 3485 fluctum).
738 3437 775 3447 -
803 3399 865 3464 Nei
889 3401 961 3484 quis
977 3402 1064 3466 intra
1088 3398 1134 3485 (⁵)
1153 3398 1310 3462 terminos
1332 3419 1406 3481 pro·

227 3503 299 3588 pius
326 3505 372 3590 (⁶)
399 3504 509 3570 urbem
535 3507 691 3570 ustrinam
715 3504 763 3589 (⁷)
788 3505 899 3570 fecisse
922 3505 1000 3570 volit
1024 3505 1116 3570 neivc
1140 3502 1186 3589 (⁸)
1211 3507 1331 3567 stercus
1354 3523 1406 3566 cu·

225 3610 323 3674 daver
347 3610 393 3696 (⁹)
417 3611 561 3676 iniecisse
584 3611 671 3675 velit.

317 3713 357 3778 Iu
388 3715 488 3779 altera
522 3717 615 3795 cippo
644 3715 863 3794 subscriptum
895 3721 943 3778 est
966 3715 1083 3779 litteris
1105 3736 1168 3780 uon
1192 3713 1318 3791 incisis5
1350 3713 1407 3778 secl

219 3820 323 3900 uictis
348 3825 487 3883 tantum:
511 3819 638 3884 Stercus
662 3820 757 3904 longe
781 3818 827 3904 (¹²)
853 3821 943 3885 aufer
966 3819 1025 3905 (³),
1051 3843 1089 3884 ne
1113 3820 1232 3884 malum
1255 3819 1383 3884 hubenc.

612 3997 640 4050 Β.
676 3994 727 4052 80.
746 3997 778 4051 ba
797 4010 867 4064 suaa
886 3996 1021 4052 lloutauo.

298 4115 325 4170 C.
340 4115 363 4167 Ι.
377 4115 409 4168 L.
431 4118 510 4177 &848
528 4133 555 4169 n.
565 4119 642 4170 3823.
680 4117 711 4169 Ε
720 4118 798 4184 cippo
812 4117 1023 4186 opistboqraplto
1042 4119 1160 4185 (a.1,54‚
1180 4118 1196 4169 l.
1211 4118 1284 4183 0,74)
1304 4115 1406 4169 Romae

223 4205 331 4258 a.1875
348 4210 458 4271 reperta,
478 4204 526 4270 qni
543 4205 629 4257 estin
648 4203 759 4258 aedibus
778 4211 1003 4258 conservatorum.
1041 4203 1116 4271 Soa,
1135 4221 1189 4258 non
1200 4203 1265 4272 leuis
1277 4218 1333 4256 esse
1344 4203 1404 4256 reli·

216 4291 307 4358 'quius
325 4291 388 4344 inde
405 4290 531 4360 efficitur,
552 4291 625 4358 quod
641 4291 745 4345 &creta
763 4293 941 4346 enuntiantur
959 4311 1013 4346 non
1032 4292 1198 4360 imperativo,
1217 4290 1263 4343 sed
1280 4289 1405 4342 coniunc-

224 4378 280 4431 tiuo
297 4379 381 4434 modo.
418 4379 462 4433 De
479 4379 591 4432 moretis
608 4378 678 4445 ipsis
697 4395 720 4430 v.
740 4377 901 4431 Momm'scni
921 4379 1141 4432 commonitorium
1160 4378 1189 4429 in
1211 4375 1238 4431 C.
1258 4375 1282 4428 1.
1296 4375 1328 4430 L.
1363 4373 1404 4444 Os.

222 4463 304 4531 infra
322 4466 401 4533 leuem
420 4465 590 4518 Lucerinum.
