<?xml version="1.0" encoding="UTF-8"?>
<!DOCTYPE html PUBLIC "-//W3C//DTD XHTML 1.0 Transitional//EN"
    "http://www.w3.org/TR/xhtml1/DTD/xhtml1-transitional.dtd">
<html xmlns="http://www.w3.org/1999/xhtml" xml:lang="en" lang="en">
 <head>
  <title>
</title>
<meta http-equiv="Content-Type" content="text/html;charset=utf-8" />
  <meta name='ocr-system' content='tesseract 3.04.00' />
  <meta name='ocr-capabilities' content='ocr_page ocr_carea ocr_par ocr_line ocrx_word'/>
</head>
<body>
  <div class='ocr_page' id='page_1' title='image "./fontesjurisroma00mommgoog_0501.png"; bbox 0 0 3400 5254; ppageno 0'>
   <div class='ocr_carea' id='block_1_1' title="bbox 727 391 1382 455">
    <p class='ocr_par' dir='ltr' id='par_1_1' title="bbox 727 391 1382 455">
     <span class='ocr_line' id='line_1_1' title="bbox 727 391 1382 455; baseline -0.009 -11"><span class='ocrx_word' id='word_1_1' title='bbox 727 391 857 445; x_wconf 80' lang='lat' dir='ltr'><strong>Isidorus.</strong></span> <span class='ocrx_word' id='word_1_2' title='bbox 1341 391 1382 455; x_wconf 82' lang='lat'>85</span> 
     </span>
    </p>
   </div>
   <div class='ocr_carea' id='block_1_2' title="bbox 201 564 1383 1286">
    <p class='ocr_par' dir='ltr' id='par_1_2' title="bbox 201 564 1382 758">
     <span class='ocr_line' id='line_1_2' title="bbox 201 564 1382 653; baseline -0.003 -22"><span class='ocrx_word' id='word_1_3' title='bbox 201 571 255 647; x_wconf 85' lang='lat' dir='ltr'>tit,</span> <span class='ocrx_word' id='word_1_4' title='bbox 279 570 453 634; x_wconf 75' lang='lat' dir='ltr'><strong>debitorem</strong></span> <span class='ocrx_word' id='word_1_5' title='bbox 476 571 509 632; x_wconf 95' lang='lat' dir='ltr'>in</span> <span class='ocrx_word' id='word_1_6' title='bbox 533 569 727 653; x_wconf 82' lang='lat' dir='ltr'>possessione</span> <span class='ocrx_word' id='word_1_7' title='bbox 750 564 842 630; x_wconf 87' lang='lat' dir='ltr'>fundi</span> <span class='ocrx_word' id='word_1_8' title='bbox 867 567 929 629; x_wconf 89' lang='lat' dir='ltr'>sibi</span> <span class='ocrx_word' id='word_1_9' title='bbox 953 565 1089 648; x_wconf 84' lang='lat' dir='ltr'>obligati</span> <span class='ocrx_word' id='word_1_10' title='bbox 1110 565 1266 630; x_wconf 89' lang='lat' dir='ltr'>demorari</span> <span class='ocrx_word' id='word_1_11' title='bbox 1290 571 1320 629; x_wconf 87' lang='lat' dir='ltr'>et</span> <span class='ocrx_word' id='word_1_12' title='bbox 1345 589 1382 629; x_wconf 84' lang='lat' dir='ltr'>ex</span> 
     </span>
     <span class='ocr_line' id='line_1_3' title="bbox 201 675 531 758; baseline -0.006 -20"><span class='ocrx_word' id='word_1_13' title='bbox 201 696 243 738; x_wconf 89' lang='lat' dir='ltr'>eo</span> <span class='ocrx_word' id='word_1_14' title='bbox 265 675 388 738; x_wconf 84' lang='lat' dir='ltr'>fructus</span> <span class='ocrx_word' id='word_1_15' title='bbox 411 695 531 758; x_wconf 82' lang='lat' dir='ltr'>capere.</span> 
     </span>
    </p>

    <p class='ocr_par' dir='ltr' id='par_1_3' title="bbox 207 762 1382 966">
     <span class='ocr_line' id='line_1_4' title="bbox 293 762 1382 859; baseline -0.001 -20"><span class='ocrx_word' id='word_1_16' title='bbox 293 776 323 839; x_wconf 94' lang='lat' dir='ltr'>V</span> <span class='ocrx_word' id='word_1_17' title='bbox 350 777 407 856; x_wconf 85' lang='lat'>25,</span> <span class='ocrx_word' id='word_1_18' title='bbox 434 778 483 841; x_wconf 86' lang='lat'>19.</span> <span class='ocrx_word' id='word_1_19' title='bbox 530 776 784 859; x_wconf 88' lang='lat' dir='ltr'>Depositum</span> <span class='ocrx_word' id='word_1_20' title='bbox 820 779 868 838; x_wconf 89' lang='lat' dir='ltr'>est</span> <span class='ocrx_word' id='word_1_21' title='bbox 902 776 1019 858; x_wconf 85' lang='lat' dir='ltr'>pignus</span> <span class='ocrx_word' id='word_1_22' title='bbox 1054 762 1382 839; x_wconf 43' lang='lat' dir='ltr'>commendatum&#39;ad</span> 
     </span>
     <span class='ocr_line' id='line_1_5' title="bbox 207 881 712 966; baseline -0.002 -20"><span class='ocrx_word' id='word_1_23' title='bbox 207 890 343 966; x_wconf 84' lang='lat' dir='ltr'>tempus,</span> <span class='ocrx_word' id='word_1_24' title='bbox 372 881 463 965; x_wconf 85' lang='lat' dir='ltr'>quasi</span> <span class='ocrx_word' id='word_1_25' title='bbox 486 881 539 944; x_wconf 92' lang='lat' dir='ltr'>diu</span> <span class='ocrx_word' id='word_1_26' title='bbox 563 882 712 964; x_wconf 89' lang='lat' dir='ltr'>positum.</span> 
     </span>
    </p>

    <p class='ocr_par' dir='ltr' id='par_1_4' title="bbox 203 984 1383 1286">
     <span class='ocr_line' id='line_1_6' title="bbox 294 984 1383 1069; baseline 0.002 -20"><span class='ocrx_word' id='word_1_27' title='bbox 294 985 403 1061; x_wconf 75' lang='lat' dir='ltr'>Vas,</span> <span class='ocrx_word' id='word_1_28' title='bbox 428 988 478 1050; x_wconf 84' lang='lat'>20.</span> <span class='ocrx_word' id='word_1_29' title='bbox 526 984 662 1049; x_wconf 87' lang='lat' dir='ltr'>Interest</span> <span class='ocrx_word' id='word_1_30' title='bbox 691 1023 734 1032; x_wconf 90' lang='lat'><em>—</em></span> <span class='ocrx_word' id='word_1_31' title='bbox 757 986 790 1047; x_wconf 92' lang='lat' dir='ltr'>in</span> <span class='ocrx_word' id='word_1_32' title='bbox 821 985 972 1068; x_wconf 89' lang='lat' dir='ltr'>loquendi</span> <span class='ocrx_word' id='word_1_33' title='bbox 1004 1007 1062 1047; x_wconf 92' lang='lat' dir='ltr'>usu</span> <span class='ocrx_word' id='word_1_34' title='bbox 1090 986 1173 1048; x_wconf 89' lang='lat' dir='ltr'>inter</span> <span class='ocrx_word' id='word_1_35' title='bbox 1204 986 1321 1069; x_wconf 85' lang='lat' dir='ltr'>pignus</span> <span class='ocrx_word' id='word_1_36' title='bbox 1351 992 1383 1051; x_wconf 86' lang='lat' dir='ltr'>et</span> 
     </span>
     <span class='ocr_line' id='line_1_7' title="bbox 203 1091 1383 1175; baseline 0.002 -21"><span class='ocrx_word' id='word_1_37' title='bbox 203 1114 324 1154; x_wconf 81' lang='lat' dir='ltr'>arram.</span> <span class='ocrx_word' id='word_1_38' title='bbox 370 1091 455 1154; x_wconf 90' lang='lat' dir='ltr'>Nam</span> <span class='ocrx_word' id='word_1_39' title='bbox 479 1091 635 1175; x_wconf 86' lang='lat' dir='ltr'>pignus</span> <span class='ocrx_word' id='word_1_40' title='bbox 658 1095 722 1168; x_wconf 77' lang='lat' dir='ltr'>cst,</span> <span class='ocrx_word' id='word_1_41' title='bbox 755 1091 839 1175; x_wconf 90' lang='lat' dir='ltr'>quod</span> <span class='ocrx_word' id='word_1_42' title='bbox 862 1091 956 1153; x_wconf 88' lang='lat' dir='ltr'>datur</span> <span class='ocrx_word' id='word_1_43' title='bbox 979 1095 1109 1174; x_wconf 90' lang='lat' dir='ltr'>propter</span> <span class='ocrx_word' id='word_1_44' title='bbox 1131 1113 1197 1154; x_wconf 88' lang='lat' dir='ltr'>rem</span> <span class='ocrx_word' id='word_1_45' title='bbox 1219 1092 1383 1168; x_wconf 79' lang='lat' dir='ltr'>creditam,</span> 
     </span>
     <span class='ocr_line' id='line_1_8' title="bbox 203 1194 1383 1286; baseline 0.001 -27"><span class='ocrx_word' id='word_1_46' title='bbox 203 1219 290 1280; x_wconf 82' lang='lat' dir='ltr'>quae</span> <span class='ocrx_word' id='word_1_47' title='bbox 314 1197 388 1260; x_wconf 91' lang='lat' dir='ltr'>dum</span> <span class='ocrx_word' id='word_1_48' title='bbox 411 1196 564 1286; x_wconf 75' lang='lat' dir='ltr'>redditur,</span> <span class='ocrx_word' id='word_1_49' title='bbox 588 1196 697 1260; x_wconf 89' lang='lat' dir='ltr'>statim</span> <span class='ocrx_word' id='word_1_50' title='bbox 714 1197 831 1281; x_wconf 82' lang='lat' dir='ltr'>pignus</span> <span class='ocrx_word' id='word_1_51' title='bbox 848 1194 1002 1258; x_wconf 81' lang='lat' dir='ltr'>aufertur.</span> <span class='ocrx_word' id='word_1_52' title='bbox 1038 1194 1122 1260; x_wconf 88' lang='lat' dir='ltr'>Arra</span> <span class='ocrx_word' id='word_1_53' title='bbox 1139 1219 1211 1260; x_wconf 85' lang='lat' dir='ltr'>vero</span> <span class='ocrx_word' id='word_1_54' title='bbox 1229 1201 1286 1274; x_wconf 84' lang='lat' dir='ltr'>est,</span> <span class='ocrx_word' id='word_1_55' title='bbox 1303 1220 1383 1280; x_wconf 88' lang='lat' dir='ltr'>quae</span> 
     </span>
    </p>
   </div>
   <div class='ocr_carea' id='block_1_3' title="bbox 200 1300 1431 4319">
    <p class='ocr_par' dir='ltr' id='par_1_5' title="bbox 203 1300 1384 2414">
     <span class='ocr_line' id='line_1_9' title="bbox 207 1300 1384 1385; baseline 0.003 -23"><span class='ocrx_word' id='word_1_56' title='bbox 207 1301 347 1382; x_wconf 90' lang='lat' dir='ltr'>primum</span> <span class='ocrx_word' id='word_1_57' title='bbox 377 1323 434 1385; x_wconf 90' lang='lat' dir='ltr'>pro</span> <span class='ocrx_word' id='word_1_58' title='bbox 458 1323 492 1364; x_wconf 89' lang='lat' dir='ltr'>re</span> <span class='ocrx_word' id='word_1_59' title='bbox 514 1301 617 1364; x_wconf 88' lang='lat' dir='ltr'>bonae</span> <span class='ocrx_word' id='word_1_60' title='bbox 639 1300 712 1364; x_wconf 87' lang='lat' dir='ltr'>fidei</span> <span class='ocrx_word' id='word_1_61' title='bbox 734 1304 898 1363; x_wconf 87' lang='lat' dir='ltr'>contractu</span> <span class='ocrx_word' id='word_1_62' title='bbox 922 1305 1029 1382; x_wconf 86' lang='lat' dir='ltr'>empta</span> <span class='ocrx_word' id='word_1_63' title='bbox 1060 1322 1098 1364; x_wconf 85' lang='lat' dir='ltr'>ex</span> <span class='ocrx_word' id='word_1_64' title='bbox 1122 1305 1211 1383; x_wconf 90' lang='lat' dir='ltr'>parte</span> <span class='ocrx_word' id='word_1_65' title='bbox 1235 1302 1329 1365; x_wconf 90' lang='lat' dir='ltr'>datur</span> <span class='ocrx_word' id='word_1_66' title='bbox 1352 1307 1384 1366; x_wconf 91' lang='lat' dir='ltr'>et</span> 
     </span>
     <span class='ocr_line' id='line_1_10' title="bbox 203 1404 1383 1489; baseline 0.001 -21"><span class='ocrx_word' id='word_1_67' title='bbox 203 1409 319 1488; x_wconf 87' lang='lat' dir='ltr'>postea</span> <span class='ocrx_word' id='word_1_68' title='bbox 351 1406 536 1488; x_wconf 91' lang='lat' dir='ltr'>completur.</span> <span class='ocrx_word' id='word_1_69' title='bbox 583 1407 634 1468; x_wconf 89' lang='lat'>21.</span> <span class='ocrx_word' id='word_1_70' title='bbox 668 1404 726 1468; x_wconf 77' lang='lat' dir='ltr'>Est</span> <span class='ocrx_word' id='word_1_71' title='bbox 756 1406 840 1468; x_wconf 90' lang='lat' dir='ltr'>enim</span> <span class='ocrx_word' id='word_1_72' title='bbox 873 1427 947 1468; x_wconf 87' lang='lat' dir='ltr'>arra</span> <span class='ocrx_word' id='word_1_73' title='bbox 973 1406 1167 1489; x_wconf 78' lang='lat' dir='ltr'>complenda.</span> <span class='ocrx_word' id='word_1_74' title='bbox 1197 1429 1259 1469; x_wconf 90' lang='lat' dir='ltr'>non</span> <span class='ocrx_word' id='word_1_75' title='bbox 1294 1407 1383 1470; x_wconf 88' lang='lat' dir='ltr'>aufe-</span> 
     </span>
     <span class='ocr_line' id='line_1_11' title="bbox 209 1509 1383 1593; baseline 0.003 -21"><span class='ocrx_word' id='word_1_76' title='bbox 209 1511 322 1585; x_wconf 84' lang='lat' dir='ltr'>renda3</span> <span class='ocrx_word' id='word_1_77' title='bbox 348 1511 429 1574; x_wconf 91' lang='lat' dir='ltr'>unde</span> <span class='ocrx_word' id='word_1_78' title='bbox 454 1511 509 1592; x_wconf 94' lang='lat' dir='ltr'>qui</span> <span class='ocrx_word' id='word_1_79' title='bbox 532 1510 630 1574; x_wconf 88' lang='lat' dir='ltr'>habet</span> <span class='ocrx_word' id='word_1_80' title='bbox 652 1533 765 1584; x_wconf 82' lang='lat' dir='ltr'>arram,</span> <span class='ocrx_word' id='word_1_81' title='bbox 789 1531 854 1572; x_wconf 91' lang='lat' dir='ltr'>non</span> <span class='ocrx_word' id='word_1_82' title='bbox 878 1509 982 1572; x_wconf 83' lang='lat' dir='ltr'>reddit</span> <span class='ocrx_word' id='word_1_83' title='bbox 1005 1510 1086 1572; x_wconf 90' lang='lat' dir='ltr'>sicut</span> <span class='ocrx_word' id='word_1_84' title='bbox 1109 1510 1235 1593; x_wconf 79' lang='lat' dir='ltr'>pignus,</span> <span class='ocrx_word' id='word_1_85' title='bbox 1260 1513 1314 1574; x_wconf 91' lang='lat' dir='ltr'>sed</span> <span class='ocrx_word' id='word_1_86' title='bbox 1329 1513 1383 1575; x_wconf 91' lang='lat' dir='ltr'>de-</span> 
     </span>
     <span class='ocr_line' id='line_1_12' title="bbox 208 1613 1383 1700; baseline 0.002 -22"><span class='ocrx_word' id='word_1_87' title='bbox 208 1616 328 1679; x_wconf 90' lang='lat' dir='ltr'>siderat</span> <span class='ocrx_word' id='word_1_88' title='bbox 350 1615 582 1699; x_wconf 87' lang='lat' dir='ltr'>plenitudinem</span> <span class='ocrx_word' id='word_1_89' title='bbox 600 1654 650 1678; x_wconf 91' lang='grc'>-.</span> <span class='ocrx_word' id='word_1_90' title='bbox 696 1613 776 1678; x_wconf 85' lang='lat' dir='ltr'>Item</span> <span class='ocrx_word' id='word_1_91' title='bbox 793 1617 875 1678; x_wconf 91' lang='lat' dir='ltr'>inter</span> <span class='ocrx_word' id='word_1_92' title='bbox 891 1615 1008 1697; x_wconf 87' lang='lat' dir='ltr'>pignus</span> <span class='ocrx_word' id='word_1_93' title='bbox 1023 1619 1055 1680; x_wconf 86' lang='lat' dir='ltr'>et</span> <span class='ocrx_word' id='word_1_94' title='bbox 1071 1615 1216 1678; x_wconf 88' lang='lat' dir='ltr'>fiduciam</span> <span class='ocrx_word' id='word_1_95' title='bbox 1234 1620 1266 1680; x_wconf 93' lang='lat' dir='ltr'>et</span> <span class='ocrx_word' id='word_1_96' title='bbox 1281 1615 1383 1700; x_wconf 89' lang='lat' dir='ltr'>hypo-</span> 
     </span>
     <span class='ocr_line' id='line_1_13' title="bbox 204 1719 1383 1804; baseline 0.001 -20"><span class='ocrx_word' id='word_1_97' title='bbox 204 1720 333 1784; x_wconf 83' lang='lat' dir='ltr'>thecam</span> <span class='ocrx_word' id='word_1_98' title='bbox 359 1721 418 1784; x_wconf 91' lang='lat' dir='ltr'>hoc</span> <span class='ocrx_word' id='word_1_99' title='bbox 441 1721 582 1784; x_wconf 89' lang='lat' dir='ltr'>interest.</span> <span class='ocrx_word' id='word_1_100' title='bbox 631 1721 683 1783; x_wconf 66' lang='grc'>22.</span> <span class='ocrx_word' id='word_1_101' title='bbox 715 1719 872 1804; x_wconf 87' lang='lat' dir='ltr'>Pignus</span> <span class='ocrx_word' id='word_1_102' title='bbox 902 1722 949 1782; x_wconf 92' lang='lat' dir='ltr'>est</span> <span class='ocrx_word' id='word_1_103' title='bbox 971 1756 1023 1795; x_wconf 90' lang='grc'>-,</span> <span class='ocrx_word' id='word_1_104' title='bbox 1056 1720 1140 1802; x_wconf 90' lang='lat' dir='ltr'>quod</span> <span class='ocrx_word' id='word_1_105' title='bbox 1165 1725 1294 1804; x_wconf 89' lang='lat' dir='ltr'>propter</span> <span class='ocrx_word' id='word_1_106' title='bbox 1317 1743 1383 1786; x_wconf 88' lang='lat' dir='ltr'>rem</span> 
     </span>
     <span class='ocr_line' id='line_1_14' title="bbox 203 1823 1382 1909; baseline 0 -19"><span class='ocrx_word' id='word_1_107' title='bbox 203 1827 360 1890; x_wconf 89' lang='lat' dir='ltr'>creditam</span> <span class='ocrx_word' id='word_1_108' title='bbox 384 1825 557 1909; x_wconf 85' lang='lat' dir='ltr'>obligatur,</span> <span class='ocrx_word' id='word_1_109' title='bbox 582 1825 670 1887; x_wconf 92' lang='lat' dir='ltr'>cuius</span> <span class='ocrx_word' id='word_1_110' title='bbox 690 1825 734 1887; x_wconf 92' lang='lat' dir='ltr'>rei</span> <span class='ocrx_word' id='word_1_111' title='bbox 751 1824 980 1906; x_wconf 90' lang='lat' dir='ltr'>possessionem</span> <span class='ocrx_word' id='word_1_112' title='bbox 997 1823 1097 1886; x_wconf 87' lang='lat' dir='ltr'>solam</span> <span class='ocrx_word' id='word_1_113' title='bbox 1113 1826 1150 1888; x_wconf 86' lang='lat' dir='ltr'>ad</span> <span class='ocrx_word' id='word_1_114' title='bbox 1168 1830 1293 1908; x_wconf 86' lang='lat' dir='ltr'>tempus</span> <span class='ocrx_word' id='word_1_115' title='bbox 1309 1848 1382 1890; x_wconf 89' lang='lat' dir='ltr'>con·</span> 
     </span>
     <span class='ocr_line' id='line_1_15' title="bbox 205 1928 1382 2014; baseline 0.001 -19"><span class='ocrx_word' id='word_1_116' title='bbox 205 1932 354 2014; x_wconf 87' lang='lat' dir='ltr'>sequitur</span> <span class='ocrx_word' id='word_1_117' title='bbox 377 1931 527 2007; x_wconf 85' lang='lat' dir='ltr'>oreditor3</span> <span class='ocrx_word' id='word_1_118' title='bbox 552 1934 690 1993; x_wconf 87' lang='lat' dir='ltr'>ceterum</span> <span class='ocrx_word' id='word_1_119' title='bbox 714 1929 887 1992; x_wconf 91' lang='lat' dir='ltr'>dominium</span> <span class='ocrx_word' id='word_1_120' title='bbox 913 1949 1007 2011; x_wconf 88' lang='lat' dir='ltr'>penes</span> <span class='ocrx_word' id='word_1_121' title='bbox 1030 1928 1203 1992; x_wconf 89' lang='lat' dir='ltr'>debitorem</span> <span class='ocrx_word' id='word_1_122' title='bbox 1227 1936 1284 1994; x_wconf 89' lang='lat' dir='ltr'>est.</span> <span class='ocrx_word' id='word_1_123' title='bbox 1330 1933 1382 1996; x_wconf 75' lang='lat'>23.</span> 
     </span>
     <span class='ocr_line' id='line_1_16' title="bbox 208 2033 1384 2120; baseline 0 -21"><span class='ocrx_word' id='word_1_124' title='bbox 208 2035 391 2100; x_wconf 80' lang='lat' dir='ltr'>Fiducia</span> <span class='ocrx_word' id='word_1_125' title='bbox 414 2040 472 2113; x_wconf 84' lang='lat' dir='ltr'>est,</span> <span class='ocrx_word' id='word_1_126' title='bbox 496 2057 566 2098; x_wconf 90' lang='lat' dir='ltr'>cum</span> <span class='ocrx_word' id='word_1_127' title='bbox 591 2057 640 2098; x_wconf 91' lang='lat' dir='ltr'>res</span> <span class='ocrx_word' id='word_1_128' title='bbox 656 2034 764 2118; x_wconf 86' lang='lat' dir='ltr'>aliqua</span> <span class='ocrx_word' id='word_1_129' title='bbox 779 2033 949 2097; x_wconf 85' lang='lat' dir='ltr'>sumendae</span> <span class='ocrx_word' id='word_1_130' title='bbox 966 2037 1095 2096; x_wconf 89' lang='lat' dir='ltr'>mutuae</span> <span class='ocrx_word' id='word_1_131' title='bbox 1110 2035 1261 2117; x_wconf 87' lang='lat' dir='ltr'>pecuniae</span> <span class='ocrx_word' id='word_1_132' title='bbox 1279 2037 1384 2120; x_wconf 83' lang='lat' dir='ltr'>gratia</span> 
     </span>
     <span class='ocr_line' id='line_1_17' title="bbox 206 2135 1382 2224; baseline 0 -21"><span class='ocrx_word' id='word_1_133' title='bbox 206 2143 257 2205; x_wconf 86' lang='lat' dir='ltr'>vel</span> <span class='ocrx_word' id='word_1_134' title='bbox 282 2142 483 2224; x_wconf 87' lang='lat' dir='ltr'>mancipatur</span> <span class='ocrx_word' id='word_1_135' title='bbox 506 2140 556 2202; x_wconf 90' lang='lat' dir='ltr'>vel</span> <span class='ocrx_word' id='word_1_136' title='bbox 578 2139 612 2202; x_wconf 91' lang='lat' dir='ltr'>in</span> <span class='ocrx_word' id='word_1_137' title='bbox 627 2139 696 2202; x_wconf 88' lang='lat' dir='ltr'>iure</span> <span class='ocrx_word' id='word_1_138' title='bbox 712 2138 843 2201; x_wconf 86' lang='lat' dir='ltr'>ceditur.</span> <span class='ocrx_word' id='word_1_139' title='bbox 890 2139 941 2202; x_wconf 79' lang='grc'>24.</span> <span class='ocrx_word' id='word_1_140' title='bbox 967 2135 998 2200; x_wconf 92' lang='lat' dir='ltr'>H</span> <span class='ocrx_word' id='word_1_141' title='bbox 1006 2136 1214 2222; x_wconf 88' lang='lat' dir='ltr'>ypotheca</span> <span class='ocrx_word' id='word_1_142' title='bbox 1238 2145 1295 2217; x_wconf 85' lang='lat' dir='ltr'>est,</span> <span class='ocrx_word' id='word_1_143' title='bbox 1312 2162 1382 2204; x_wconf 90' lang='lat' dir='ltr'>cum</span> 
     </span>
     <span class='ocr_line' id='line_1_18' title="bbox 208 2242 1384 2327; baseline -0.001 -17"><span class='ocrx_word' id='word_1_144' title='bbox 208 2269 257 2310; x_wconf 87' lang='lat' dir='ltr'>res</span> <span class='ocrx_word' id='word_1_145' title='bbox 280 2247 498 2310; x_wconf 89' lang='lat' dir='ltr'>commodatur</span> <span class='ocrx_word' id='word_1_146' title='bbox 520 2245 589 2307; x_wconf 89' lang='lat' dir='ltr'>sine</span> <span class='ocrx_word' id='word_1_147' title='bbox 612 2244 809 2327; x_wconf 88' lang='lat' dir='ltr'>depositione</span> <span class='ocrx_word' id='word_1_148' title='bbox 832 2242 986 2325; x_wconf 85' lang='lat' dir='ltr'>pignoris,</span> <span class='ocrx_word' id='word_1_149' title='bbox 1010 2243 1156 2324; x_wconf 86' lang='lat' dir='ltr'>pactione</span> <span class='ocrx_word' id='word_1_150' title='bbox 1172 2243 1221 2306; x_wconf 92' lang='lat' dir='ltr'>vel</span> <span class='ocrx_word' id='word_1_151' title='bbox 1237 2244 1384 2309; x_wconf 88' lang='lat' dir='ltr'>cautione</span> 
     </span>
     <span class='ocr_line' id='line_1_19' title="bbox 205 2351 537 2414; baseline -0.009 0"><span class='ocrx_word' id='word_1_152' title='bbox 205 2352 276 2414; x_wconf 89' lang='lat' dir='ltr'>sola</span> <span class='ocrx_word' id='word_1_153' title='bbox 299 2351 537 2413; x_wconf 87' lang='lat' dir='ltr'>interveniente.</span> 
     </span>
    </p>

    <p class='ocr_par' dir='ltr' id='par_1_6' title="bbox 208 2453 1384 2750">
     <span class='ocr_line' id='line_1_20' title="bbox 222 2453 1384 2536; baseline 0.003 -19"><span class='ocrx_word' id='word_1_154' title='bbox 222 2470 229 2479; x_wconf 86' lang='lat'><strong>·</strong></span> <span class='ocrx_word' id='word_1_155' title='bbox 295 2453 323 2517; x_wconf 96' lang='lat' dir='ltr'>V</span> <span class='ocrx_word' id='word_1_156' title='bbox 347 2455 400 2530; x_wconf 87' lang='grc'>25,</span> <span class='ocrx_word' id='word_1_157' title='bbox 425 2457 477 2518; x_wconf 88' lang='grc'>25.</span> <span class='ocrx_word' id='word_1_158' title='bbox 524 2453 774 2516; x_wconf 90' lang='lat' dir='ltr'>Momentum</span> <span class='ocrx_word' id='word_1_159' title='bbox 797 2453 917 2516; x_wconf 90' lang='lat' dir='ltr'>dictum</span> <span class='ocrx_word' id='word_1_160' title='bbox 942 2475 960 2514; x_wconf 91' lang='lat' dir='ltr'>a</span> <span class='ocrx_word' id='word_1_161' title='bbox 983 2455 1134 2536; x_wconf 90' lang='lat' dir='ltr'>temporis</span> <span class='ocrx_word' id='word_1_162' title='bbox 1158 2456 1323 2532; x_wconf 84' lang='lat' dir='ltr'>brevitate,</span> <span class='ocrx_word' id='word_1_163' title='bbox 1348 2463 1384 2521; x_wconf 92' lang='lat' dir='ltr'>ut</span> 
     </span>
     <span class='ocr_line' id='line_1_21' title="bbox 208 2558 1383 2646; baseline 0 -21"><span class='ocrx_word' id='word_1_164' title='bbox 208 2584 303 2646; x_wconf 91' lang='lat' dir='ltr'>quam</span> <span class='ocrx_word' id='word_1_165' title='bbox 328 2563 392 2626; x_wconf 88' lang='lat' dir='ltr'>cito</span> <span class='ocrx_word' id='word_1_166' title='bbox 416 2583 511 2645; x_wconf 89' lang='lat' dir='ltr'>quam</span> <span class='ocrx_word' id='word_1_167' title='bbox 535 2559 643 2622; x_wconf 89' lang='lat' dir='ltr'>statim</span> <span class='ocrx_word' id='word_1_168' title='bbox 668 2559 756 2622; x_wconf 90' lang='lat' dir='ltr'>salvo</span> <span class='ocrx_word' id='word_1_169' title='bbox 779 2558 909 2642; x_wconf 82' lang='lat' dir='ltr'>negotio</span> <span class='ocrx_word' id='word_1_170' title='bbox 933 2558 1133 2636; x_wconf 75' lang='lat' dir='ltr'>reformetur,</span> <span class='ocrx_word' id='word_1_171' title='bbox 1156 2582 1213 2624; x_wconf 87' lang='lat' dir='ltr'>nec</span> <span class='ocrx_word' id='word_1_172' title='bbox 1236 2562 1269 2624; x_wconf 91' lang='lat' dir='ltr'>in</span> <span class='ocrx_word' id='word_1_173' title='bbox 1285 2562 1383 2626; x_wconf 87' lang='lat' dir='ltr'>ullam</span> 
     </span>
     <span class='ocr_line' id='line_1_22' title="bbox 211 2663 1167 2750; baseline -0.002 -20"><span class='ocrx_word' id='word_1_174' title='bbox 211 2689 332 2730; x_wconf 86' lang='lat' dir='ltr'>moram</span> <span class='ocrx_word' id='word_1_175' title='bbox 355 2666 487 2750; x_wconf 89' lang='lat' dir='ltr'>produci</span> <span class='ocrx_word' id='word_1_176' title='bbox 511 2665 633 2743; x_wconf 85' lang='lat' dir='ltr'>debeat,</span> <span class='ocrx_word' id='word_1_177' title='bbox 658 2664 742 2749; x_wconf 92' lang='lat' dir='ltr'>quod</span> <span class='ocrx_word' id='word_1_178' title='bbox 765 2663 920 2748; x_wconf 91' lang='lat' dir='ltr'>repetitur</span> <span class='ocrx_word' id='word_1_179' title='bbox 943 2701 995 2728; x_wconf 90' lang='lat'>—.</span> <span class='ocrx_word' id='word_1_180' title='bbox 1020 2663 1075 2743; x_wconf 79' lang='lat' dir='ltr'>(cf.</span> <span class='ocrx_word' id='word_1_181' title='bbox 1100 2668 1167 2746; x_wconf 83' lang='lat'><em>33.)</em></span> 
     </span>
    </p>

    <p class='ocr_par' dir='ltr' id='par_1_7' title="bbox 200 2769 1385 2948">
     <span class='ocr_line' id='line_1_23' title="bbox 297 2769 1385 2852; baseline 0.002 -22"><span class='ocrx_word' id='word_1_182' title='bbox 297 2770 322 2830; x_wconf 95' lang='lat' dir='ltr'>V</span> <span class='ocrx_word' id='word_1_183' title='bbox 348 2774 400 2848; x_wconf 88' lang='grc'>25,</span> <span class='ocrx_word' id='word_1_184' title='bbox 424 2771 476 2835; x_wconf 82' lang='lat'>30.</span> <span class='ocrx_word' id='word_1_185' title='bbox 520 2769 735 2852; x_wconf 84' lang='lat' dir='ltr'>Usucapio</span> <span class='ocrx_word' id='word_1_186' title='bbox 760 2787 805 2842; x_wconf 78' lang='lat' dir='ltr'>(aa</span> <span class='ocrx_word' id='word_1_187' title='bbox 828 2777 942 2830; x_wconf 71' lang='lat' dir='ltr'>Boethio</span> <span class='ocrx_word' id='word_1_188' title='bbox 969 2776 1023 2830; x_wconf 78' lang='grc'>52</span> <span class='ocrx_word' id='word_1_189' title='bbox 1050 2776 1124 2830; x_wconf 82' lang='lat' dir='ltr'>ade.</span> <span class='ocrx_word' id='word_1_190' title='bbox 1144 2780 1220 2844; x_wconf 74' lang='lat'>4,23;</span> <span class='ocrx_word' id='word_1_191' title='bbox 1247 2777 1281 2845; x_wconf 76' lang='lat' dir='ltr'>cf.</span> <span class='ocrx_word' id='word_1_192' title='bbox 1300 2795 1385 2847; x_wconf 80' lang='lat' dir='ltr'>supra</span> 
     </span>
     <span class='ocr_line' id='line_1_24' title="bbox 200 2885 307 2948; baseline -0.009 -14"><span class='ocrx_word' id='word_1_193' title='bbox 200 2899 233 2948; x_wconf 80' lang='lat' dir='ltr'>p.</span> <span class='ocrx_word' id='word_1_194' title='bbox 255 2885 307 2945; x_wconf 84' lang='lat'><em>75).</em></span> 
     </span>
    </p>

    <p class='ocr_par' dir='ltr' id='par_1_8' title="bbox 208 2979 1384 3274">
     <span class='ocr_line' id='line_1_25' title="bbox 298 2979 1383 3064; baseline 0.002 -22"><span class='ocrx_word' id='word_1_195' title='bbox 298 2979 329 3042; x_wconf 98' lang='lat' dir='ltr'>V</span> <span class='ocrx_word' id='word_1_196' title='bbox 355 2981 406 3057; x_wconf 89' lang='grc'>25,</span> <span class='ocrx_word' id='word_1_197' title='bbox 430 2979 481 3041; x_wconf 80' lang='grc'>81.</span> <span class='ocrx_word' id='word_1_198' title='bbox 526 2979 794 3060; x_wconf 89' lang='lat' dir='ltr'>Mancipatio</span> <span class='ocrx_word' id='word_1_199' title='bbox 818 2981 903 3044; x_wconf 86' lang='lat' dir='ltr'>dicta</span> <span class='ocrx_word' id='word_1_200' title='bbox 926 2986 983 3058; x_wconf 80' lang='lat' dir='ltr'>est,</span> <span class='ocrx_word' id='word_1_201' title='bbox 1009 2982 1083 3064; x_wconf 87' lang='lat' dir='ltr'>quia</span> <span class='ocrx_word' id='word_1_202' title='bbox 1107 3003 1155 3044; x_wconf 91' lang='lat' dir='ltr'>res</span> <span class='ocrx_word' id='word_1_203' title='bbox 1178 3003 1274 3044; x_wconf 84' lang='lat' dir='ltr'>mauu</span> <span class='ocrx_word' id='word_1_204' title='bbox 1297 2982 1383 3064; x_wconf 92' lang='lat' dir='ltr'>capi·</span> 
     </span>
     <span class='ocr_line' id='line_1_26' title="bbox 208 3083 1384 3167; baseline -0.001 -17"><span class='ocrx_word' id='word_1_205' title='bbox 208 3091 276 3156; x_wconf 74' lang='lat' dir='ltr'>tur:</span> <span class='ocrx_word' id='word_1_206' title='bbox 301 3084 384 3148; x_wconf 88' lang='lat' dir='ltr'>unde</span> <span class='ocrx_word' id='word_1_207' title='bbox 406 3087 533 3166; x_wconf 84' lang='lat' dir='ltr'>oportet</span> <span class='ocrx_word' id='word_1_208' title='bbox 556 3105 636 3158; x_wconf 90' lang='lat' dir='ltr'>eum,</span> <span class='ocrx_word' id='word_1_209' title='bbox 662 3084 716 3165; x_wconf 92' lang='lat' dir='ltr'>qui</span> <span class='ocrx_word' id='word_1_210' title='bbox 741 3083 898 3166; x_wconf 88' lang='lat' dir='ltr'>mancipio</span> <span class='ocrx_word' id='word_1_211' title='bbox 922 3085 1050 3167; x_wconf 85' lang='lat' dir='ltr'>accipit,</span> <span class='ocrx_word' id='word_1_212' title='bbox 1074 3085 1337 3167; x_wconf 88' lang='lat' dir='ltr'>comprehendere</span> <span class='ocrx_word' id='word_1_213' title='bbox 1352 3087 1384 3150; x_wconf 92' lang='lat' dir='ltr'>id</span> 
     </span>
     <span class='ocr_line' id='line_1_27' title="bbox 210 3189 795 3274; baseline -0.007 -20"><span class='ocrx_word' id='word_1_214' title='bbox 210 3193 326 3274; x_wconf 86' lang='lat' dir='ltr'>ipsum,</span> <span class='ocrx_word' id='word_1_215' title='bbox 349 3190 432 3274; x_wconf 92' lang='lat' dir='ltr'>quod</span> <span class='ocrx_word' id='word_1_216' title='bbox 456 3189 485 3252; x_wconf 88' lang='lat' dir='ltr'>ei</span> <span class='ocrx_word' id='word_1_217' title='bbox 509 3189 667 3270; x_wconf 87' lang='lat' dir='ltr'>mancipio</span> <span class='ocrx_word' id='word_1_218' title='bbox 691 3189 795 3251; x_wconf 89' lang='lat' dir='ltr'>datur.</span> 
     </span>
    </p>

    <p class='ocr_par' dir='ltr' id='par_1_9' title="bbox 275 3279 1169 3376">
     <span class='ocr_line' id='line_1_28' title="bbox 275 3279 1169 3376; baseline -0.001 -19"><span class='ocrx_word' id='word_1_219' title='bbox 275 3279 326 3356; x_wconf 75' lang='lat' dir='ltr'>&#39;V</span> <span class='ocrx_word' id='word_1_220' title='bbox 351 3296 403 3372; x_wconf 88' lang='grc'>25,</span> <span class='ocrx_word' id='word_1_221' title='bbox 427 3294 478 3357; x_wconf 82' lang='grc'>32.</span> <span class='ocrx_word' id='word_1_222' title='bbox 526 3294 669 3356; x_wconf 76' lang='lat' dir='ltr'>Cassio</span> <span class='ocrx_word' id='word_1_223' title='bbox 693 3297 741 3356; x_wconf 94' lang='lat' dir='ltr'>est</span> <span class='ocrx_word' id='word_1_224' title='bbox 764 3293 910 3376; x_wconf 90' lang='lat' dir='ltr'>propriae</span> <span class='ocrx_word' id='word_1_225' title='bbox 934 3293 979 3357; x_wconf 89' lang='lat' dir='ltr'>rei</span> <span class='ocrx_word' id='word_1_226' title='bbox 1001 3294 1169 3357; x_wconf 88' lang='lat' dir='ltr'>concessio.</span> 
     </span>
    </p>

    <p class='ocr_par' dir='ltr' id='par_1_10' title="bbox 207 3397 1431 3694">
     <span class='ocr_line' id='line_1_29' title="bbox 296 3397 1384 3483; baseline -0.001 -19"><span class='ocrx_word' id='word_1_227' title='bbox 296 3400 327 3464; x_wconf 89' lang='lat' dir='ltr'>V</span> <span class='ocrx_word' id='word_1_228' title='bbox 350 3402 402 3478; x_wconf 86' lang='grc'>25,</span> <span class='ocrx_word' id='word_1_229' title='bbox 419 3399 470 3463; x_wconf 82' lang='grc'>33.</span> <span class='ocrx_word' id='word_1_230' title='bbox 509 3397 797 3462; x_wconf 89' lang='lat' dir='ltr'>Interdictum</span> <span class='ocrx_word' id='word_1_231' title='bbox 821 3401 877 3474; x_wconf 81' lang='lat' dir='ltr'>est,</span> <span class='ocrx_word' id='word_1_232' title='bbox 903 3398 986 3481; x_wconf 93' lang='lat' dir='ltr'>quod</span> <span class='ocrx_word' id='word_1_233' title='bbox 1011 3421 1029 3461; x_wconf 87' lang='grc'>5</span> <span class='ocrx_word' id='word_1_234' title='bbox 1051 3399 1153 3464; x_wconf 90' lang='lat' dir='ltr'>iudice</span> <span class='ocrx_word' id='word_1_235' title='bbox 1176 3421 1239 3462; x_wconf 91' lang='lat' dir='ltr'>non</span> <span class='ocrx_word' id='word_1_236' title='bbox 1263 3401 1296 3462; x_wconf 89' lang='lat' dir='ltr'>in</span> <span class='ocrx_word' id='word_1_237' title='bbox 1312 3424 1384 3483; x_wconf 90' lang='lat' dir='ltr'>per·</span> 
     </span>
     <span class='ocr_line' id='line_1_30' title="bbox 207 3500 1431 3589; baseline -0.002 -19"><span class='ocrx_word' id='word_1_238' title='bbox 207 3511 341 3588; x_wconf 89' lang='lat' dir='ltr'>petuum</span> <span class='ocrx_word' id='word_1_239' title='bbox 364 3507 416 3570; x_wconf 93' lang='lat' dir='ltr'>sed</span> <span class='ocrx_word' id='word_1_240' title='bbox 443 3527 499 3589; x_wconf 94' lang='lat' dir='ltr'>pro</span> <span class='ocrx_word' id='word_1_241' title='bbox 516 3505 719 3569; x_wconf 85' lang='lat' dir='ltr'>reformando</span> <span class='ocrx_word' id='word_1_242' title='bbox 742 3507 902 3567; x_wconf 90' lang='lat' dir='ltr'>momento</span> <span class='ocrx_word' id='word_1_243' title='bbox 919 3505 957 3567; x_wconf 88' lang='lat' dir='ltr'>ad</span> <span class='ocrx_word' id='word_1_244' title='bbox 975 3508 1097 3586; x_wconf 90' lang='lat' dir='ltr'>tempus</span> <span class='ocrx_word' id='word_1_245' title='bbox 1114 3503 1241 3567; x_wconf 91' lang='lat' dir='ltr'>interim</span> <span class='ocrx_word' id='word_1_246' title='bbox 1258 3505 1384 3580; x_wconf 79' lang='lat' dir='ltr'>dicitur,</span> <span class='ocrx_word' id='word_1_247' title='bbox 1428 3500 1431 3507; x_wconf 75' lang='grc'><strong>’</strong></span> 
     </span>
     <span class='ocr_line' id='line_1_31' title="bbox 207 3609 794 3694; baseline -0.003 -20"><span class='ocrx_word' id='word_1_248' title='bbox 207 3611 299 3674; x_wconf 86' lang='lat' dir='ltr'>salva</span> <span class='ocrx_word' id='word_1_249' title='bbox 322 3611 537 3694; x_wconf 90' lang='lat' dir='ltr'>propositione</span> <span class='ocrx_word' id='word_1_250' title='bbox 562 3609 695 3674; x_wconf 91' lang='lat' dir='ltr'>actionis</span> <span class='ocrx_word' id='word_1_251' title='bbox 719 3611 794 3673; x_wconf 87' lang='lat' dir='ltr'>eius.</span> 
     </span>
    </p>

    <p class='ocr_par' dir='ltr' id='par_1_11' title="bbox 205 3714 1385 4010">
     <span class='ocr_line' id='line_1_32' title="bbox 297 3714 1385 3801; baseline 0.002 -23"><span class='ocrx_word' id='word_1_252' title='bbox 297 3714 401 3794; x_wconf 81' lang='lat' dir='ltr'>V26‚</span> <span class='ocrx_word' id='word_1_253' title='bbox 427 3717 476 3782; x_wconf 88' lang='grc'>18.</span> <span class='ocrx_word' id='word_1_254' title='bbox 523 3715 794 3781; x_wconf 76' lang='lat' dir='ltr'>internecivi</span> <span class='ocrx_word' id='word_1_255' title='bbox 826 3714 976 3778; x_wconf 90' lang='lat' dir='ltr'>iudicium</span> <span class='ocrx_word' id='word_1_256' title='bbox 1000 3715 1032 3776; x_wconf 95' lang='lat' dir='ltr'>in</span> <span class='ocrx_word' id='word_1_257' title='bbox 1056 3737 1127 3777; x_wconf 87' lang='lat' dir='ltr'>eum</span> <span class='ocrx_word' id='word_1_258' title='bbox 1151 3714 1296 3792; x_wconf 77' lang='lat' dir='ltr'>dabatur,</span> <span class='ocrx_word' id='word_1_259' title='bbox 1330 3717 1385 3801; x_wconf 93' lang='lat' dir='ltr'>qui</span> 
     </span>
     <span class='ocr_line' id='line_1_33' title="bbox 206 3819 1384 3886; baseline 0.001 -3"><span class='ocrx_word' id='word_1_260' title='bbox 206 3819 327 3884; x_wconf 82' lang='lat' dir='ltr'>falsum</span> <span class='ocrx_word' id='word_1_261' title='bbox 356 3826 581 3886; x_wconf 88' lang='lat' dir='ltr'>testamentum</span> <span class='ocrx_word' id='word_1_262' title='bbox 609 3819 729 3884; x_wconf 88' lang='lat' dir='ltr'>fecerat</span> <span class='ocrx_word' id='word_1_263' title='bbox 752 3823 783 3883; x_wconf 89' lang='lat' dir='ltr'>et</span> <span class='ocrx_word' id='word_1_264' title='bbox 805 3819 846 3884; x_wconf 91' lang='lat' dir='ltr'>ob</span> <span class='ocrx_word' id='word_1_265' title='bbox 870 3820 901 3882; x_wconf 93' lang='lat' dir='ltr'>id</span> <span class='ocrx_word' id='word_1_266' title='bbox 925 3819 1085 3883; x_wconf 90' lang='lat' dir='ltr'>hominem</span> <span class='ocrx_word' id='word_1_267' title='bbox 1109 3820 1274 3884; x_wconf 88' lang='lat' dir='ltr'>occiderat.</span> <span class='ocrx_word' id='word_1_268' title='bbox 1300 3821 1384 3885; x_wconf 76' lang='lat' dir='ltr'>Ac-</span> 
     </span>
     <span class='ocr_line' id='line_1_34' title="bbox 205 3921 1078 4010; baseline -0.001 -22"><span class='ocrx_word' id='word_1_269' title='bbox 205 3930 388 3990; x_wconf 90' lang='lat' dir='ltr'>cusatorem</span> <span class='ocrx_word' id='word_1_270' title='bbox 411 3927 478 3990; x_wconf 89' lang='lat' dir='ltr'>eius</span> <span class='ocrx_word' id='word_1_271' title='bbox 501 3927 657 4010; x_wconf 89' lang='lat' dir='ltr'>possessio</span> <span class='ocrx_word' id='word_1_272' title='bbox 682 3926 837 3988; x_wconf 90' lang='lat' dir='ltr'>bonorum</span> <span class='ocrx_word' id='word_1_273' title='bbox 861 3921 1078 4008; x_wconf 89' lang='lat' dir='ltr'>sequebatur&#39;.</span> 
     </span>
    </p>

    <p class='ocr_par' dir='ltr' id='par_1_12' title="bbox 206 4027 1383 4319">
     <span class='ocr_line' id='line_1_35' title="bbox 297 4027 1383 4113; baseline -0.001 -20"><span class='ocrx_word' id='word_1_274' title='bbox 297 4031 326 4093; x_wconf 89' lang='lat' dir='ltr'>V</span> <span class='ocrx_word' id='word_1_275' title='bbox 353 4030 405 4107; x_wconf 87' lang='grc'>27,</span> <span class='ocrx_word' id='word_1_276' title='bbox 430 4032 481 4094; x_wconf 88' lang='grc'>23.</span> <span class='ocrx_word' id='word_1_277' title='bbox 528 4031 587 4094; x_wconf 81' lang='lat' dir='ltr'>Est</span> <span class='ocrx_word' id='word_1_278' title='bbox 609 4034 642 4093; x_wconf 90' lang='lat' dir='ltr'>et</span> <span class='ocrx_word' id='word_1_279' title='bbox 665 4028 811 4093; x_wconf 56' lang='grc' dir='ltr'>1550111511ὓ</span> <span class='ocrx_word' id='word_1_280' title='bbox 845 4027 993 4112; x_wconf 89' lang='lat' dir='ltr'>supplicii</span> <span class='ocrx_word' id='word_1_281' title='bbox 1028 4051 1126 4113; x_wconf 80' lang='lat' dir='ltr'>genus</span> <span class='ocrx_word' id='word_1_282' title='bbox 1150 4031 1188 4093; x_wconf 87' lang='lat' dir='ltr'>ad</span> <span class='ocrx_word' id='word_1_283' title='bbox 1213 4031 1383 4093; x_wconf 89' lang='lat' dir='ltr'>verberan-</span> 
     </span>
     <span class='ocr_line' id='line_1_36' title="bbox 206 4129 1383 4217; baseline -0.001 -20"><span class='ocrx_word' id='word_1_284' title='bbox 206 4134 306 4197; x_wconf 78' lang='lat' dir='ltr'>dum⁸</span> <span class='ocrx_word' id='word_1_285' title='bbox 341 4139 469 4217; x_wconf 84' lang='lat' dir='ltr'>aptum,</span> <span class='ocrx_word' id='word_1_286' title='bbox 503 4133 667 4197; x_wconf 84' lang='lat' dir='ltr'>inventum</span> <span class='ocrx_word' id='word_1_287' title='bbox 702 4131 919 4215; x_wconf 78' lang='lat' dir='ltr'>a&#39;Farquinio</span> <span class='ocrx_word' id='word_1_288' title='bbox 951 4129 1093 4214; x_wconf 83' lang='lat' dir='ltr'>Superbo</span> <span class='ocrx_word' id='word_1_289' title='bbox 1116 4169 1167 4198; x_wconf 88' lang='lat'>—.</span> <span class='ocrx_word' id='word_1_290' title='bbox 1214 4131 1278 4196; x_wconf 86' lang='lat' dir='ltr'>[ste</span> <span class='ocrx_word' id='word_1_291' title='bbox 1301 4135 1383 4197; x_wconf 90' lang='lat' dir='ltr'>enim</span> 
     </span>
     <span class='ocr_line' id='line_1_37' title="bbox 210 4235 1382 4319; baseline 0.002 -20"><span class='ocrx_word' id='word_1_292' title='bbox 210 4237 297 4319; x_wconf 89' lang='lat' dir='ltr'>prior</span> <span class='ocrx_word' id='word_1_293' title='bbox 319 4239 478 4314; x_wconf 79' lang='lat' dir='ltr'>latomias,</span> <span class='ocrx_word' id='word_1_294' title='bbox 502 4242 670 4313; x_wconf 82' lang='lat' dir='ltr'>tormenta,</span> <span class='ocrx_word' id='word_1_295' title='bbox 695 4235 805 4315; x_wconf 84' lang='lat' dir='ltr'>fustes,</span> <span class='ocrx_word' id='word_1_296' title='bbox 831 4236 961 4299; x_wconf 87' lang='lat' dir='ltr'>metalla</span> <span class='ocrx_word' id='word_1_297' title='bbox 984 4241 1079 4319; x_wconf 86' lang='lat' dir='ltr'>atque</span> <span class='ocrx_word' id='word_1_298' title='bbox 1098 4237 1193 4300; x_wconf 87' lang='lat' dir='ltr'>exilia</span> <span class='ocrx_word' id='word_1_299' title='bbox 1210 4238 1382 4302; x_wconf 87' lang='lat' dir='ltr'>adinvenit.</span> 
     </span>
    </p>
   </div>
   <div class='ocr_carea' id='block_1_4' title="bbox 205 4373 1384 4531">
    <p class='ocr_par' dir='ltr' id='par_1_13' title="bbox 205 4373 1384 4531">
     <span class='ocr_line' id='line_1_38' title="bbox 281 4373 1384 4444; baseline 0.001 -15"><span class='ocrx_word' id='word_1_300' title='bbox 281 4375 307 4443; x_wconf 77' lang='grc' dir='ltr'>Ι)</span> <span class='ocrx_word' id='word_1_301' title='bbox 328 4375 370 4444; x_wconf 81' lang='lat' dir='ltr'>Of.</span> <span class='ocrx_word' id='word_1_302' title='bbox 391 4376 462 4430; x_wconf 85' lang='lat' dir='ltr'>Fest.</span> <span class='ocrx_word' id='word_1_303' title='bbox 483 4373 699 4428; x_wconf 84' lang='lat' dir='ltr'>internecivum.</span> <span class='ocrx_word' id='word_1_304' title='bbox 718 4405 752 4412; x_wconf 98' lang='lat'><em>-</em></span> <span class='ocrx_word' id='word_1_305' title='bbox 772 4375 798 4442; x_wconf 85' lang='lat'>2)</span> <span class='ocrx_word' id='word_1_306' title='bbox 818 4373 907 4426; x_wconf 61' lang='lat' dir='ltr'>Feta.-</span> <span class='ocrx_word' id='word_1_307' title='bbox 927 4373 1093 4426; x_wconf 81' lang='lat' dir='ltr'>Lautumias</span> <span class='ocrx_word' id='word_1_308' title='bbox 1112 4405 1145 4412; x_wconf 96' lang='lat'><em>-</em></span> <span class='ocrx_word' id='word_1_309' title='bbox 1164 4374 1384 4443; x_wconf 77' lang='lat' dir='ltr'>aSyracusanis</span> 
     </span>
     <span class='ocr_line' id='line_1_39' title="bbox 205 4461 1343 4531; baseline 0 -17"><span class='ocrx_word' id='word_1_310' title='bbox 205 4463 256 4531; x_wconf 90' lang='lat' dir='ltr'>qui</span> <span class='ocrx_word' id='word_1_311' title='bbox 275 4465 401 4530; x_wconf 78' lang='grc' dir='ltr'>λατομίας</span> <span class='ocrx_word' id='word_1_312' title='bbox 420 4494 453 4501; x_wconf 93' lang='lat'>-</span> <span class='ocrx_word' id='word_1_313' title='bbox 473 4463 579 4516; x_wconf 85' lang='lat' dir='ltr'>habent</span> <span class='ocrx_word' id='word_1_314' title='bbox 599 4462 635 4515; x_wconf 88' lang='lat' dir='ltr'>ad</span> <span class='ocrx_word' id='word_1_315' title='bbox 654 4462 745 4515; x_wconf 89' lang='lat' dir='ltr'>instar</span> <span class='ocrx_word' id='word_1_316' title='bbox 763 4461 889 4516; x_wconf 84' lang='lat' dir='ltr'>carceris.</span> <span class='ocrx_word' id='word_1_317' title='bbox 908 4491 942 4502; x_wconf 91' lang='lat'>-</span> <span class='ocrx_word' id='word_1_318' title='bbox 961 4462 987 4530; x_wconf 87' lang='grc'>3)</span> <span class='ocrx_word' id='word_1_319' title='bbox 1007 4461 1104 4514; x_wconf 81' lang='lat' dir='ltr'>emend.</span> <span class='ocrx_word' id='word_1_320' title='bbox 1124 4462 1343 4515; x_wconf 83' lang='lat' dir='ltr'>carcerandum?</span> 
     </span>
    </p>
   </div>
   <div class='ocr_carea' id='block_1_5' title="bbox 0 0 1707 5254">
    <p class='ocr_par' dir='ltr' id='par_1_14' title="bbox 0 0 1707 5254">
     <span class='ocr_line' id='line_1_40' title="bbox 0 0 1707 5254; baseline 0 0"><span class='ocrx_word' id='word_1_321' title='bbox 0 0 1707 5254; x_wconf 95' lang='lat' dir='ltr'> </span> 
     </span>
    </p>
   </div>
  </div>
 </body>
</html>
