3400 5250
476 405 594 461 Senatus
612 406 771 462 consultum
790 407 825 462 de
842 407 1000 476 sumptibus
1018 407 1156 463 ludorum.
1340 413 1401 476 201

225 587 293 650 tum
323 583 449 648 divinae
477 583 642 660 orationis,
675 585 730 648 sad
754 587 790 648 ut
814 607 851 648 ea
874 585 977 668 pretia
1000 585 1040 650 ad
1064 607 1116 648 eas
1140 584 1285 650 civitates
1309 585 1409 668 perti-

225 685 350 774 nealu]t
365 689 393 765 ¹,
426 689 460 752 in
493 689 612 772 quibos
642 689 799 772 ampliora
829 689 1045 772 gladiatorum
1077 690 1181 772 pretia
1209 689 1408 774 flagrabant.

227 793 318 868 Quod
351 794 378 858 si
410 795 526 878 quibus
561 794 746 860 civitatibus
780 793 849 879 (⁴⁸)
882 816 931 860 res
955 795 1083 878 publica
1106 794 1233 860 tenuior
1257 800 1322 873 est,
1345 817 1408 859 non

226 899 333 962 eadem
357 903 533 976 serventur,
560 922 641 984 quae
666 905 744 983 aput
767 899 918 964 fortiores
942 900 1088 966 civitates
1109 902 1229 984 scripta
1244 904 1330 978 eunt,
1353 921 1410 966 nco

226 1024 322 1086 supra
346 1003 474 1067 modum
499 1003 616 1068 virium
641 1008 784 1082 onerent,
808 1004 861 1068 sed
885 1003 1040 1071 hactenus
1061 1004 1094 1068 in
1111 1005 1255 1082 eundem,
1281 1003 1350 1089 (⁴⁹)
1375 1008 1411 1068 ut

226 1105 352 1190 qu[u]e²
384 1106 417 1170 in
451 1107 588 1191 publicis
623 1108 820 1192 privatisque
848 1108 1028 1172 rationibus
1058 1109 1277 1193 repperientur
1308 1110 1410 1194 pretia

225 1235 347 1278 summa
370 1236 406 1278 ac
428 1213 532 1278 madia
555 1237 592 1279 ac
623 1218 794 1296 postrema,
817 1214 987 1298 siquidem
1011 1215 1246 1298 provinciarum
1262 1236 1317 1278 eae
1332 1214 1409 1278 civi·

226 1321 307 1382 tates
341 1323 431 1396 sunt,
465 1319 505 1382 ab
534 1341 570 1384 eo
596 1317 665 1403 (5⁰)
692 1320 746 1402 qui
771 1319 964 1402 praesidebit
987 1319 1168 1403 provinciae
1191 1324 1409 1402 opserventur,

225 1427 401 1486 ceterarum
431 1427 536 1487 autem
569 1423 704 1488 iuridico
737 1423 787 1487 vel
817 1427 957 1488 curatori
992 1423 1190 1506 provinciae³
1222 1423 1273 1488 vel
1300 1424 1410 1489 classis

221 1529 403 1610 praetoriae
426 1529 586 1612 praefecto
606 1529 656 1593 vel
676 1530 876 1612 procuratori
893 1529 962 1614 (⁵¹)
981 1549 1200 1593 niaxumornm
1219 1528 1409 1612 principum,

226 1635 272 1696 uti
303 1634 455 1717 cuiusque
487 1634 625 1698 civitatis
663 1639 868 1718 potestasque
899 1635 944 1699 ibi
974 1635 1076 1720 prima
1108 1635 1177 1699 erit.
1225 1634 1333 1718 Atque
1364 1635 1411 1698 ita

227 1739 404 1803 rationibus
428 1741 534 1804 decem
563 1743 776 1804 retroversum
800 1763 957 1804 armorum
979 1741 1141 1824 inspectis
1166 1739 1318 1823 exemplis
1341 1737 1409 1823 (⁵²)

225 1867 392 1908 munerum
424 1846 457 1908 in
490 1867 616 1928 quaque
646 1845 775 1909 civitate
804 1845 1012 1932 edito[raru]⁴
1036 1845 1252 1922 consideratis
1284 1867 1409 1909 conser-

217 1945 338 2014 'ventur
361 1951 401 2014 ab
425 1972 472 2026 eo,
496 1951 585 2014 cuius
609 1951 777 2014 arbitrium
802 1951 863 2015 erit
896 1953 933 2015 de
957 1951 1060 2014 tribus
1081 1951 1196 2033 pretist
1220 1949 1270 2013 vel
1294 1950 1320 2012 si
1342 1971 1408 2013 me·
1450 2005 1453 2014 .

225 2055 286 2118 lius
318 2055 346 2118 ei
371 2055 530 2118 videbitur
567 2053 636 2138 (55)
662 2077 700 2118 ex
724 2076 760 2118 eo
784 2055 878 2119 modo
902 2077 995 2138 quem
1020 2054 1221 2140 persequitur
1244 2054 1410 2138 effici[o]t⁶

225 2164 257 2222 et
280 2158 440 2223 trifariam
470 2159 574 2242 pretia
599 2161 796 2223 deducantur
820 2182 918 2243 eaque
942 2158 1047 2224 forma
1070 2159 1167 2224 etiam
1189 2160 1223 2222 in
1246 2164 1408 2242 posterum
1486 2235 1489 2242 Ι

225 2267 378 2328 servetur.
425 2263 601 2348 Sciantque
617 2264 707 2348 sliri)
724 2264 931 2349 ollarissimi),
949 2265 1004 2348 qui
1020 2263 1297 2348 procon(54.)sules
1313 2263 1410 2347 paulo

226 2375 299 2434 ante
323 2369 457 2454 profecti
482 2373 566 2444 sunt,
594 2371 680 2432 intra
704 2391 796 2432 suum
821 2370 955 2453 quisque
977 2391 1096 2432 annum
1119 2370 1146 2432 it
1172 2370 1338 2452 negotium
1355 2390 1409 2432 ex·

225 2475 314 2559 sequi
338 2497 371 2539 se
394 2475 565 2558 oportebit,
590 2475 630 2538 ii6
655 2475 760 2550 etiam,
786 2473 920 2558 quinon
936 2472 1051 2538 sortito
1067 2474 1246 2556 provincias
1271 2471 1342 2557 (55)
1361 2495 1409 2535 re-

225 2587 313 2664 gant,
338 2581 424 2644 intra
449 2602 579 2644 aunum.

314 2685 382 2768 (55)
407 2685 457 2748 Ad
475 2684 614 2749 Galliam
637 2685 690 2748 sed
715 2689 747 2748 et
765 2683 911 2767 princeps
936 2732 1055 2760 ......
1080 2681 1152 2768 qui⁷
1175 2683 1208 2745 in
1226 2682 1409 2748 civitatibus

225 2789 553 2872 splendidissimarum
586 2788 763 2854 Galliarum
794 2789 893 2852 veteri
925 2810 1012 2852 ruore
1040 2793 1072 2852 et
1094 2809 1183 2852 sacro
1206 2788 1273 2852 ritu
1296 2811 1408 2872 expec-

226 2899 346 2972 tantur,
377 2916 416 2958 ne
440 2895 593 2978 ampliore
617 2895 720 2976 pretio
745 2893 813 2977 (55)
838 2893 974 2958 lanistae
997 2892 1180 2976 praebeant,
1205 2914 1299 2976 quam
1328 2894 1410 2957 binis

225 2999 363 3064 milibus.
411 2997 491 3062 (lum
515 2999 646 3061 maximi
671 2998 828 3080 principes
852 2998 995 3062 oratione
1018 3020 1076 3061 sua
1097 2997 1314 3080 praedixerint
1329 2997 1408 3074 fore,

225 3109 261 3166 ut
293 3103 478 3166 damnatum
511 3101 550 3164 ad
581 3101 725 3185 gladium
757 3100 825 3185 (55)
859 3106 1048 3184 procurator
1079 3125 1187 3166 eorum
1212 3101 1322 3165 ....⁸
1347 3103 1409 3165 nisi

225 3207 433 3291 pluraquam
457 3229 512 3270 sex
535 3207 638 3270 aureis
663 3211 695 3270 et
719 3205 781 3268 nisi
806 3206 969 3270 iuraverit.

311 3316 379 3394 (⁵⁹)
405 3310 589 3376 Sacerdotes
615 3333 741 3394 qiioque
758 3310 993 3393 provinciarum
1016 3310 1131 3393 quibus
1149 3307 1297 3394 nullu[m]
1312 3307 1407 3395 cupa]

223 3419 348 3482 lanistis
379 3417 556 3500 negoltiuua
586 3413 694 3502 arur,
731 3416 926 3500 gladiatores
950 3438 977 3480 a
1007 3415 1167 3498 prioribus
1190 3414 1406 3479 sacerdotibus

222 3522 457 3607 sus[⁰⁰)ceptos
481 3524 530 3586 vel
554 3521 683 3586 sibimet
706 3525 886 3585 auctoratos
910 3520 1077 3603 recipiunt,
1102 3523 1136 3582 at
1159 3524 1232 3604 post
1267 3519 1358 3604 editi)
1378 3520 1409 3604 ]

223 3627 310 3710 nepo
336 3626 480 3711 eod)e[ru]
506 3626 675 3710 p[re]tio¹⁰
699 3627 732 3689 in
756 3626 956 3689 succedentes
981 3619 1274 3710 tralmsst[t)unt¹¹;
1308 3647 1410 3708 neque

223 3731 411 3820 singulatim
424 3733 563 3816 aliquem
578 3731 607 3816 (6
620 3731 647 3816 ¹)
664 3732 710 3796 rei
727 3731 938 3817 gladiatoriae
955 3751 1049 3794 causa
1074 3728 1190 3794 vendat
1206 3729 1297 3813 plure
1313 3751 1409 3814 quam

224 3837 349 3902 lanistis
374 3840 421 3901 est
443 3837 580 3920 pretium
604 3837 812 3920 persolutum.

315 3942 384 4022 (ce)
409 3940 440 4005 ls
464 3947 570 4006 autem
594 3943 650 4025 qui
675 3947 753 4026 aput
776 3941 941 4006 tribunum
966 3943 1069 4026 plebei
1092 3938 1330 4026 c(larissimum)
1348 3939 1410 4022 νῦ·

318 4133 342 4203 l)
362 4133 514 4202 pertineat.
542 4161 575 4170 -
604 4131 632 4200 2)
650 4134 690 4184 sic
708 4133 867 4198 Buecheler,
896 4134 982 4201 utque
1000 4148 1051 4186 aes.
1081 4161 1113 4172 -
1143 4131 1170 4199 3)
1190 4131 1270 4183 immo
1288 4128 1411 4183 curatori

164 4211 184 4273 .’
226 4221 296 4276 viae.
319 4249 353 4260 -·—
379 4223 406 4288 4)
427 4219 503 4274 edito
522 4222 615 4274 erunt.
642 4249 677 4264 -ψ
694 4220 723 4285 ὅ)
741 4218 834 4274 efficit.
856 4249 887 4260 -
907 4219 934 4289 6)
954 4222 1083 4286 oportere
1094 4235 1140 4274 aas
1158 4218 1312 4285 requiritur.
1331 4243 1366 4256 -
1385 4218 1412 4283 7)

224 4308 352 4376 princeps
371 4306 418 4375 qui
437 4313 545 4374 ectypa:
568 4306 616 4360 sed
641 4307 700 4360 hiat
719 4309 814 4360 oratio.
834 4337 864 4346 -
887 4307 915 4376 8)
933 4305 1062 4360 excidisse
1079 4305 1209 4374 quaedam
1225 4303 1358 4356 rimatur.
1377 4333 1412 4340 -

225 4397 253 4464 9)
278 4411 350 4462 nego
369 4433 473 4448 ......
488 4398 501 4446 t
519 4399 624 4461 ectypo.
656 4421 689 4430 -
721 4394 763 4459 10)
782 4391 908 4462 editura)
926 4393 956 4446 io
975 4398 1078 4461 ectypa.
1102 4421 1125 4430 -
1150 4392 1194 4456 11)
1212 4391 1259 4443 tra
1274 4431 1279 4441 .
1295 4429 1299 4439 .
1314 4429 1319 4441 .
1333 4388 1411 4444 tiunt

225 4488 326 4551 ectypa.
