3386 5240
707 448 792 516 Leges
811 445 863 501 XII
882 447 1055 503 tabularum.

394 624 444 688 10.
490 623 618 688 Plinius
640 623 683 708 (o.
699 624 726 686 lc.
742 625 901 706 rc‚5‚15):
926 623 1063 688 Cautum
1086 628 1134 688 est
1156 625 1290 710 -lege
1322 623 1382 690 XII
1405 626 1482 703 tab..

304 733 340 792 ut
362 729 509 812 glandem
532 728 566 792 in
590 728 728 792 alienum
751 727 886 791 fundum
910 729 1126 812 procidentem
1148 729 1258 794 liceret
1281 731 1440 816 colligere.

394 835 444 897 11.
491 833 668 898 Iustiniani
691 831 908 898 Institutioocs
931 835 1077 916 (2,1‚41):
1111 832 1268 899 Venditae
1293 871 1334 883 -
1360 838 1392 899 et
1414 838 1480 899 tra·

303 939 388 1003 ditae
411 939 488 1024 (res)
513 961 577 1002 non
599 937 692 1003 aliter
715 939 851 1022 emptori
874 939 1096 1023 adquiruntur,
1122 963 1218 1024 quam
1233 941 1260 1005 si
1275 942 1302 1005 is
1320 942 1478 1006 venditori

303 1044 441 1128 pretium
465 1044 596 1108 solverit
618 1044 669 1107 vel
692 1044 755 1109 alio
778 1044 872 1108 modo
895 1043 1095 1123 satisfecerit,
1128 1046 1227 1108 veluti
1250 1046 1482 1130 expromissore

303 1152 360 1212 aut
382 1149 515 1234 pignore
539 1150 632 1232 dat0;
657 1149 741 1233 quod
764 1153 892 1214 cavetur
915 1186 957 1196 —
981 1150 1051 1234 lege
1074 1148 1138 1213 ΧΠ
1163 1151 1228 1214 tab.

393 1253 442 1316 12.
496 1252 654 1335 Ulpianus
679 1254 737 1336 (fr.
756 1254 838 1338 2,4):
863 1253 928 1318 Sub
952 1253 1011 1318 hac
1033 1253 1215 1318 condicione
1237 1255 1317 1318 liber
1334 1278 1400 1320 esse
1416 1255 1482 1320 ius·

303 1380 356 1422 sus
388 1356 424 1422 ‘si
447 1359 552 1423 decem
575 1359 665 1422 milia
687 1358 795 1422 heredi
819 1357 959 1436 dederit,
992 1361 1052 1423 etsi
1080 1361 1120 1424 ab
1143 1359 1259 1424 herede
1282 1361 1481 1425 abalienatus

303 1463 354 1540 sit,
380 1463 515 1546 emptori
538 1464 641 1528 dando
667 1464 832 1546 pecuniam
857 1465 895 1528 ad
913 1464 1093 1529 libertatem
1110 1466 1286 1548 perveniet:
1311 1465 1405 1550 idque
1429 1467 1479 1530 lex

303 1565 367 1632 ΧΠ
388 1569 453 1632 tab.
477 1569 575 1632 iubet.

768 1707 940 1774 TABULA
969 1708 1056 1774 Vlll.

394 1830 421 1893 1.
446 1853 473 1894 a.
506 1830 564 1906 Qu
586 1854 687 1894 usuum
708 1854 820 1895 clausu
843 1853 1074 1896 meruissem..
1100 1868 1140 1878 -
1166 1833 1196 1896 b.
1224 1831 1328 1898 Cicero
1350 1831 1401 1917 (de
1416 1853 1480 1913 rep.

302 1939 435 2014 4‚10,12
462 1958 513 2016 op.
545 1938 627 2020 Aac.
658 1937 694 2002 de
717 1938 797 2002 siclt.
822 1937 871 2002 dci
897 1937 982 2022 2,9):
1017 1935 1080 2002 Xll
1103 1937 1167 2001 tab.
1202 1961 1274 2002 cum
1307 1959 1482 2021 perpaucas

267 2079 270 2084 .
303 2093 388 2160 (348p
407 2100 539 2146 Subluoare
559 2093 657 2146 arborei
680 2105 725 2155 est,
745 2115 824 2148 ramos
843 2115 925 2147 earum
947 2105 1079 2162 supputare
1098 2105 1123 2146 et
1144 2102 1219 2148 veluti
1237 2106 1322 2160 suptus
1341 2103 1419 2146 lucem
1429 2101 1483 2146 mit·

302 2192 363 2242 tare,
382 2191 509 2234 conlucare
529 2193 611 2234 autem
630 2190 727 2236 succisis
747 2189 875 2235 arboribus
896 2191 972 2235 locum
991 2190 1083 2250 inplere
1103 2191 1163 2234 luce.
1445 2239 1448 2245 .

376 2275 415 2320 10.
453 2266 514 2321 Gai.
540 2269 557 2322 l.
578 2268 627 2322 IV
647 2269 683 2322 ad
706 2269 722 2323 l.
743 2267 808 2322 XII
825 2269 879 2322 tab.
905 2268 954 2339 (D.
973 2270 1160 2337 50‚16‚236,1):
1189 2275 1289 2321 (itandis
1316 2277 1480 2338 appellatione

302 2364 379 2408 omnls
397 2364 490 2409 fructus
510 2365 655 2412 continetur.
695 2356 737 2421 Of.
757 2357 794 2410 D.
812 2359 927 2424 43,28‚1.

372 2451 411 2496 Il.
440 2444 481 2513 Of.
501 2445 593 2514 Pomp.
607 2445 644 2498 ad
656 2443 685 2514 Q.
697 2445 771 2498 Muc-
786 2447 922 2513 (18‚i‚i9):
942 2452 1009 2506 Quod
1029 2451 1126 2497 vendidi
1145 2465 1191 2496 non
1206 2451 1277 2496 aliter
1290 2451 1317 2496 fit
1331 2452 1482 2512 accipientis,

302 2551 375 2599 quam
394 2539 415 2584 si
434 2544 476 2584 aut
495 2542 600 2600 pratIum
618 2540 686 2585 nobie
707 2542 813 2586 solutum
833 2541 864 2585 sit
883 2543 925 2585 aut
944 2541 1004 2584 satis
1023 2553 1051 2584 oo
1066 2539 1160 2583 nomine
1175 2537 1275 2583 Iactum.
1295 2560 1320 2569 -
1343 2530 1385 2599 Of.
1398 2531 1482 2585 Bech-

302 2635 392 2684 mocm,
412 2618 458 2672 der
477 2619 564 2687 Kouf.
583 2623 737 2684 §21.39.44.
774 2619 859 2687 Latet,
881 2619 1078 2688 Moncipation.
1098 2621 1226 2672 510-25.

373 2715 413 2759 12.
443 2706 535 2774 Pomp.
559 2707 596 2761 ad
614 2707 643 2776 Q.
663 2708 738 2762 Mus.
756 2707 805 2774 (D.
831 2708 988 2775 40‚7,29‚1):
1016 2715 1131 2776 quoniam
1155 2715 1194 2758 lex
1213 2713 1263 2759 XII
1283 2713 1333 2758 tob.
1354 2715 1482 2775 emptionis

231 2788 233 2793 ’
302 2799 375 2845 verbo
394 2812 488 2846 omnem
507 2801 679 2848 alienationem
697 2805 824 2864 complexa
842 2803 965 2849 videretur
987 2802 1032 2849 cet.
1070 2794 1185 2848 Modesi.
1204 2793 1337 2862 different.
1358 2795 1402 2858 (ib.
1421 2796 1482 2862 25J:

302 2886 375 2932 Statu
392 2887 480 2933 liberos
501 2903 586 2934 venum
606 2891 659 2936 dari
677 2904 747 2950 possa
769 2892 836 2947 leges
855 2890 904 2935 XIl
925 2891 976 2936 tab.
996 2894 1153 2950 putaverunt.
1185 2880 1227 2949 Of.
1247 2881 1318 2936 Fesi.
1339 2888 1481 2935 statuliber.

373 2973 444 3020 VIII.
467 2977 490 3020 1.
509 2990 531 3021 o.
564 2968 636 3022 Plin.
656 2969 692 3038 (rc.
705 2970 730 3024 li.
742 2972 947 3038 28,2,10-17):
967 2977 1162 3038 quaestionis-
1178 2981 1223 3032 est,
1243 2978 1374 3022 valeantne
1389 2974 1482 3036 aliquid

302 3062 377 3107 verba
401 3066 427 3107 et
444 3064 627 3110 Inoantamenta
653 3067 793 3112 carminum.
814 3087 845 3095 -
874 3064 952 3118 Quid?
981 3079 1028 3110 non
1046 3067 1072 3108 et
1091 3065 1171 3121 legum
1190 3065 1297 3124 ipsarum
1316 3065 1340 3108 in
1360 3063 1410 3108 XII
1428 3062 1480 3108 tab.

302 3146 377 3194 verba
395 3155 462 3195 sunt:
483 3147 532 3211 ‘qui
551 3152 633 3210 fruges
652 3152 811 3198 excantassit’
833 3159 858 3198 et
877 3153 948 3198 alibi:
968 3151 1017 3214 ‘qui
1036 3153 1125 3198 malum
1143 3165 1239 3197 carmen
1258 3151 1428 3196 incantussit’l

374 3241 397 3284 l.
417 3239 439 3283 b.
471 3229 525 3288 Cic.
543 3232 632 3301 (Tuse.
652 3237 751 3301 4,2‚4)=
778 3241 829 3288 XII
849 3241 900 3287 tab.
921 3241 1060 3296 declarant,
1084 3239 1221 3285 conditam
1240 3243 1290 3283 tum
1310 3238 1407 3284 solitum
1428 3251 1481 3306 osse

302 3341 406 3383 carmen,
425 3328 488 3388 quod
507 3342 537 3373 ne
556 3327 641 3374 liceret
660 3330 711 3374 lieri
732 3329 763 3374 ad
784 3330 884 3374 alterius
904 3329 1016 3374 iniuriam
1041 3331 1095 3386 lege
1115 3331 1257 3372 sanxerant.
1295 3317 1368 3372 Fosi.
1391 3317 1478 3386 (181):

301 3412 467 3461 ‘occentassit’
488 3409 661 3474 (occentassint
680 3407 752 3478 cod.)
776 3417 871 3478 antiqui
899 3416 1026 3470 dicebant,
1054 3415 1118 3475 quod
1144 3428 1207 3459 nunc
1227 3411 1366 3460 ‘convictum
1386 3411 1478 3457 fecerit'

301 3503 409 3556 dicimus,
428 3503 492 3563 quod
511 3503 535 3547 id
555 3506 620 3548 clare
640 3507 664 3548 et
683 3518 737 3549 oum
756 3504 864 3565 quodam
883 3516 971 3548 canore
990 3502 1024 3556 tit,
1044 3508 1072 3545 ut
1085 3502 1166 3560 procul
1185 3499 1295 3545 exaudiri
1308 3501 1396 3560 possit;
1416 3499 1481 3558 quod

302 3593 371 3648 turpe
399 3589 514 3642 habetur,
543 3593 600 3650 quia
625 3604 672 3635 non
697 3593 748 3636 eine
773 3592 919 3636 causatori
940 3593 1046 3649 putatur.
1084 3579 1185 3633 Arnob.
1214 3578 1286 3649 (adv.
1302 3583 1372 3648 perti.
1389 3581 1480 3647 4,34):

301 3675 403 3720 Carmen
419 3677 508 3720 malum
527 3677 683 3733 conscribere,
702 3693 749 3738 quo
769 3679 834 3723 fama
855 3678 954 3723 alterius
968 3677 1136 3736 coinquinetur
1149 3681 1174 3720 ot
1185 3677 1245 3731 rita,
1258 3674 1397 3720 Xviralibus
1414 3676 1480 3720 scitis

301 3762 404 3807 evadere
430 3763 539 3807 noluistis
563 3765 659 3824 impune
684 3763 729 3812 cet.
767 3757 837 3812 Hor.
862 3757 921 3828 (sat.
940 3756 1057 3823 2,1,82)=
1086 3762 1110 3807 Si
1130 3764 1195 3807 mula
1213 3763 1348 3808 condiderit
1365 3763 1390 3808 in
1409 3776 1480 3824 quem

300 3849 355 3909 quis
374 3851 488 3905 earmina,
508 3851 544 3895 ius
563 3856 600 3896 est
618 3852 791 3911 iudiciumque:
812 3875 846 3882 -
865 3852 907 3896 sed
927 3851 991 3897 bono
1010 3851 1101 3910 siquis
1120 3850 1172 3894 -i
1190 3872 1226 3881 -
1245 3852 1368 3895 solventur
1380 3852 1429 3895 risu
1443 3854 1480 3895 ta·

301 3939 383 3983 bulae.
418 3931 518 4000 Porph.
537 3930 574 3983 ad
593 3929 662 3984 Hor.
681 3931 698 3984 l.
721 3948 759 3985 e:
786 3941 840 3996 lege
863 3931 924 3998 (XII
942 3928 1005 3997 tab.)
1031 3941 1129 3982 cautum
1149 3943 1208 3993 erat,
1235 3951 1264 3982 ne
1283 3937 1337 3998 quis
1356 3939 1380 3982 iu
1399 3951 1481 3998 quem·

300 4039 373 4085 quam
393 4027 535 4071 maledicum
553 4039 649 4070 carmen
668 4027 792 4072 scriberet.
830 4017 898 4072 Hor.
919 4019 969 4084 (ep.
988 4019 1113 4085 2,l‚152):
1133 4027 1172 4070 lex
1191 4049 1226 4056 -
1245 4027 1307 4072 malo
1327 4039 1389 4086 quae
1405 4027 1481 4071 nollet

300 4115 405 4159 carmtne
424 4127 569 4174 quemquam
588 4113 698 4158 describi.
736 4105 815 4159 Paul.
836 4106 912 4173 (sent.
931 4105 1025 4173 5,4,6):
1044 4112 1190 4158 Iniuriarum
1209 4113 1272 4158 actio
1291 4134 1325 4144 -
1344 4112 1482 4158 introducta

301 4207 339 4246 est
357 4202 411 4257 lege
429 4200 480 4245 XlI
498 4200 549 4246 tab.
575 4201 604 4245 de
623 4201 722 4246 famosis
748 4201 898 4246 carminibus
917 4199 964 4246 cet.
1003 4192 1137 4246 Cornutus
1160 4193 1200 4262 (in
1218 4193 1291 4247 Pers.
1310 4199 1359 4247 sat.
1380 4194 1480 4263 1‚137):

300 4291 355 4344 lege
374 4287 425 4333 XII
438 4288 488 4336 tab.
507 4293 604 4333 cautum
624 4293 668 4341 est,
688 4291 715 4333 ut
727 4289 830 4333 fustibus
844 4289 963 4343 feriretur,
983 4288 1025 4348 qui
1037 4288 1131 4348 publice
1144 4287 1313 4333 Invehebatur.
1325 4310 1354 4318 -
1376 4279 1480 4333 Utram-

300 4385 350 4437 que
372 4383 459 4421 ocrem
483 4375 626 4420 incantassit
652 4373 676 4420 et
694 4377 839 4422 occentent
863 4370 893 4420 ia
913 4367 979 4420 XII
995 4368 1048 4420 tob.
1067 4369 1193 4435 scriptam
1207 4367 1308 4434 foisse,
1337 4383 1480 4434 eorumque

299 4457 412 4510 alteram
429 4455 466 4508 od
482 4462 553 4510 ortes
570 4458 687 4525 mopicas
704 4457 816 4510 alteram
834 4457 871 4510 ad
890 4456 1009 4510 convicio
1023 4455 1134 4522 famosa
1146 4459 1276 4522 spectasse
1293 4454 1383 4507 eloris
1394 4470 1479 4521 supro

298 4544 392 4598 cllctc's
413 4549 498 4612 patet.
538 4543 611 4598 Unde
634 4543 764 4612 efficitur,
790 4561 895 4597 cormac
914 4551 1005 4596 malum
1024 4548 1049 4595 et
1067 4557 1171 4595 carroco
1193 4541 1327 4606 famosum
1348 4540 1479 4594 diversam
