3386 5240
637 1295 905 1382 1111101110

572 1456 732 1516 sreuoma
753 1457 793 1512 ετ
812 1455 976 1514 narseum.

255 1635 375 1691 Litterae
392 1637 514 1692 corsicae
537 1636 566 1690 in
586 1638 665 1690 textu
693 1634 905 1704 inscriptionum
932 1632 1094 1703 distingunt
1119 1649 1191 1704 quae
1210 1651 1227 1688 a
1246 1633 1360 1687 traditis

183 1725 235 1778 aut
255 1721 388 1777 differunt
407 1727 458 1778 aut
476 1723 593 1788 absunt,
618 1723 688 1776 item
709 1721 811 1776 Latina
832 1737 913 1776 versa
933 1737 947 1776 e
970 1719 1099 1784 Graecis;
1127 1721 1155 1776 in
1177 1720 1360 1776 adnot-atione

182 1827 218 1866 ea
235 1827 306 1881 quae
324 1813 391 1865 sunt
409 1811 532 1869 editoris,

255 1897 350 1970 [Uncis
368 1897 528 1969 quadratis]
552 1900 768 1970 inscriptorum
793 1899 860 1954 locis
880 1899 1093 1968 distinguuntur
1118 1917 1135 1954 a
1155 1899 1269 1954 traditis
1287 1917 1359 1968 quae

185 1987 321 2042 differunt
346 1989 396 2041 aut
415 1987 610 2042 desiderantur
629 1988 735 2042 scilicet
754 1987 880 2057 potioru;
912 1987 940 2040 in
962 1989 1040 2042 textu
1058 1987 1284 2056 inscriptionum,
1312 1989 1359 2042 ubi

183 2075 251 2130 haec
275 2091 404 2144 expressa
432 2078 497 2128 sunt
523 2075 625 2130 litteris
652 2075 780 2141 cursivis,
811 2093 893 2130 uncos
924 2093 969 2131 eos
995 2075 1196 2146 supplementis
1222 2076 1359 2143 omnibus,

185 2161 428 2218 emendationibus
446 2165 542 2232 paucis
562 2163 750 2233 apposuimus.

252 2249 348 2318 (Unois
366 2249 502 2318 rotundis)
522 2250 549 2303 in
570 2254 650 2306 textu
672 2250 869 2320 comprehensa
888 2254 955 2304 sunt
969 2251 1134 2319 compendia
1152 2251 1193 2306 ita
1207 2252 1309 2317 soluta,
1329 2251 1359 2306 in

185 2337 368 2394 adnotatione
388 2337 490 2392 Latina
510 2355 624 2394 versae
643 2340 763 2394 Graecis.

253 2425 374 2481 Lineolis
393 2425 535 2481 subductis
554 2427 728 2497 signavimus
747 2427 867 2496 quaein
890 2425 1004 2482 traditis
1025 2427 1147 2482 delenda
1166 2427 1305 2482 videntur.

254 2513 447 2570 Puncta
467 2515 628 2584 significant
647 2515 732 2570 verba
751 2515 795 2570 vel
815 2515 927 2570 litteras
947 2515 976 2568 in
997 2513 1112 2568 traditis
1131 2517 1181 2568 aut
1196 2515 1289 2570 deesse
1308 2520 1368 2583 aut,

185 2601 241 2670 legi
260 2619 316 2656 non
334 2619 413 2672 posse
432 2619 520 2671 neque
539 2604 608 2657 satis
627 2607 703 2658 certo
722 2621 800 2673 posse
818 2604 950 2673 suppleri.
1154 2675 1156 2680 Α

256 2690 370 2746 hineola
390 2721 420 2730 -
442 2691 582 2760 significat
600 2693 739 2762 quaedam
758 2709 791 2746 ex
810 2691 925 2746 traditis
943 2691 1046 2747 omissa
1065 2708 1130 2747 esse.

254 2777 369 2846 Signum
385 2799 430 2844 (χ)
449 2779 478 2831 in
497 2782 577 2833 textu
595 2780 808 2849 inscriptionum
826 2779 934 2834 indicat
954 2781 983 2834 in
1002 2779 1154 2850 archetypo
1172 2783 1284 2850 partem
1298 2798 1357 2835 ver·
1438 2774 1441 2778 ’

183 2883 227 2918 SUB
248 2881 364 2919 vacuam
383 2883 447 2920 2880.

238 2946 369 3008 ¹Numeri
401 2953 478 3008 uncis
512 2954 640 3010 rotundis
677 2955 776 3009 inclusi
804 2955 834 3008 in
863 2958 942 3010 textu
970 2955 1184 3025 inscriptionum
1212 2956 1358 3026 archetypi

184 3058 276 3096 versus
295 3041 428 3096 iudicant.

188 3216 236 3268 Ah.
255 3216 325 3270 Abh.
345 3237 380 3262 =
399 3215 593 3269 akademisohe
613 3215 853 3286 Abhandlungen:

252 3302 325 3356 Berl.
336 3301 381 3357 ah.
393 3302 463 3356 Abh.
474 3323 509 3350 =
520 3302 590 3358 Ahh.
604 3302 630 3357 d.
643 3304 766 3358 Berliner
777 3305 867 3359 Ahad.
880 3305 1084 3370 d.Wissensch.,
1097 3308 1245 3377 phil.·hist.
1256 3307 1357 3364 Classe.

254 3391 363 3445 Mfinch.
384 3391 427 3446 ak.
448 3391 519 3444 Abh.
539 3413 573 3438 =
590 3391 662 3447 Abh.
682 3391 708 3445 d.
728 3393 838 3446 Mitneh.
858 3394 910 3448 Ah.
929 3394 955 3448 d.
976 3394 1028 3455 W..
1048 3394 1261 3464 philos-philol.
1281 3398 1322 3450 01.

185 3479 288 3534 Annali
306 3501 341 3526 =
359 3479 454 3534 annali
475 3477 541 3533 dell'
562 3478 693 3534 instituto
712 3479 741 3532 di
759 3479 994 3550 corrispondenza
1015 3482 1217 3552 archeologica.

185 3565 245 3620 Ber.
263 3588 298 3612 =
319 3565 458 3620 Berichte:

251 3653 322 3708 Berl.
342 3651 403 3706 Ber.
422 3675 456 3699 =
476 3655 643 3710 Monatsher.
664 3655 689 3708 d.
711 3657 781 3711 Berl.
802 3656 890 3712 Akad.
911 3657 936 3710 d.
957 3656 1122 3712 Wissensch.

251 3739 343 3810 Leipz.
362 3739 421 3794 Ber.
440 3763 475 3788 =
495 3743 553 3798 Ber.
574 3744 618 3798 ab.
632 3744 658 3797 d.
671 3743 785 3798 Verhdl.
806 3743 833 3798 d.
847 3744 937 3799 Stichs.
953 3745 1014 3800 Ges.
1035 3744 1060 3798 d.
1075 3745 1128 3810 W„
1150 3747 1299 3816 phil.·hist.
1311 3748 1352 3802 cl.

251 3828 343 3882 Wien.
361 3828 422 3884 Ber.
441 3851 476 3876 =
495 3828 683 3899 Sitzungsber.
703 3830 729 3886 d.
750 3831 862 3886 Wiener
882 3832 931 3885 uk.
954 3833 979 3888 d.
999 3833 1043 3886 W.

184 3915 212 3974 O.
226 3917 246 3974 1.
259 3917 288 3974 h.
302 3915 451 3986 :Corpus
465 3919 679 3988 inscriptionum
691 3919 857 3974 Latinarum
870 3921 984 3977 consilio
997 3922 1074 3978 acad.
1090 3922 1176 3978 litter.
1192 3922 1298 3978 Boruss.
1312 3925 1357 3980 ed.

185 4001 262 4059 Grut.
282 4026 317 4052 =
335 4005 448 4059 Gruteri
467 4006 614 4060 thesaurus
633 4006 713 4061 inser.
734 4007 775 4064 ed.
797 4008 815 4061 Ι.
838 4010 914 4073 1602,
935 4009 978 4065 ed.
1000 4010 1033 4063 II.
1054 4010 1131 4066 1707.

186 4091 298 4156 haenel,
318 4091 422 4160 Corpus
441 4093 535 4162 legum
556 4093 591 4146 ab
610 4095 677 4163 imp.
695 4093 773 4151 Rom.
793 4100 860 4152 ante
879 4099 977 4154 lustin.
997 4099 1129 4153 latarum.
1153 4101 1230 4155 1857.

184 4179 273 4232 Haub.
292 4200 328 4226 =
347 4179 490 4242 Haubold,
518 4181 700 4248 antiquitatis
719 4182 797 4238 Rom.
820 4188 1001 4239 monumenta
1019 4185 1134 4255 legalia,
1154 4187 1196 4240 ed.
1215 4187 1358 4256 Spengen-

248 4265 324 4336 berg.
352 4265 427 4323 1830.
998 4307 1001 4312 -

184 4352 306 4416 Hermes,
325 4353 454 4410 Zeitschr.
475 4355 493 4408 f.
514 4358 598 4415 klass.
618 4358 782 4430 Philologie,
801 4361 867 4416 inde
887 4363 923 4416 ab
942 4364 1066 4435 silaus.

183 4439 232 4496 Hn.
251 4461 287 4487 =
307 4441 441 4498 Huschke.

179 4527 275 4584 Jahrb.
294 4549 330 4576 =
347 4529 488 4586 Jahrbuch
507 4534 533 4588 d.
553 4554 624 4605 gem.
644 4538 718 4592 deut.
737 4537 769 4591 R.
789 4539 830 4592 ed.
852 4539 958 4594 Bekker
977 4545 1005 4595 et
1024 4543 1141 4597 Muther.
1164 4542 1349 4598 latr-1863.
