3400 5250
659 375 706 429 66.
726 375 760 432 ee
779 377 951 447 Asclepiade.
1339 379 1400 447 lat

219 547 336 616 Aupuet.
350 549 382 602 de
393 550 441 617 lep.
453 553 511 618 22),
526 556 660 618 postrema
679 567 693 604 6
711 551 805 604 tabula
824 553 883 620 ipra
901 553 935 606 ab
948 553 1042 608 Ere-mo
1055 554 1170 624 Quimno
1185 555 1303 610 Vt'ccunti
1321 557 1399 621 (icon.

219 648 288 688 rom.
306 639 386 702 1,89).
422 637 494 690 Eam
511 639 639 706 scriptam
657 655 711 696 6666
726 655 776 708 per
794 639 890 692 bellum
909 641 1007 696 sociale
1025 659 1049 694 a.
1064 645 1114 696 664
1134 643 1201 698 Vrec.
1220 645 1338 710 6666666,
1354 660 1402 712 per

217 723 433 778 coniurationem
451 724 636 780 Sertorianum
655 728 691 793 (a.
711 729 774 793 676)
794 725 850 780 Mo.
870 727 887 782 l.
902 728 935 795 l.‚·
954 727 1116 784 Ritecheliue
1134 730 1199 798 (th.
1220 731 1293 786 Mur.
1311 733 1400 797 9,166)

223 807 258 861 L.
279 807 431 864 Cornelimn
454 819 603 892 praetorem
629 814 741 868 eundem
766 831 819 868 6666
836 814 967 870 iudicauit
988 823 1068 885 atque
1086 815 1119 872 L.
1141 817 1292 873 Cornelium
1312 817 1359 873 On.
1378 819 1400 883 f.

223 895 369 952 Lentulum
391 899 502 969 Lupum
524 903 657 956 cumulem
675 918 700 956 a.
720 902 785 970 598,
805 903 969 957 adsentiente
983 911 1078 972 postea
1096 905 1152 958 Mo.
1173 905 1257 975 (Epa.
1277 907 1358 975 epipr.
1377 911 1400 968 1,

216 987 286 1044 269)
313 993 458 1056 propterea
488 989 560 1057 quael
577 990 663 1043 tritum
692 991 722 1042 in
739 990 892 1058 nominibus
911 992 1018 1045 testium
1036 993 1132 1047 omissa
1160 993 1197 1047 66
1215 1007 1273 1047 eam
1290 999 1402 1047 anatem

217 1071 304 1132 laea.
343 1073 478 1132 Haemus
499 1083 589 1132 antem
606 1093 661 1130 666
680 1078 767 1145 rpeiam
785 1075 850 1146 SO„
881 1078 928 1132 666
946 1079 1089 1146 opimatam
1104 1082 1239 1148 6666666
1256 1080 1347 1134 666666
1365 1080 1402 1134 ad

225 1163 333 1232 SOtum,
353 1181 479 1220 66666666
497 1165 618 1218 motione
636 1181 668 1218 66
686 1166 767 1218 tertia
782 1181 898 1234 6666666
916 1167 946 1220 in
963 1167 1114 1233 secuudum,
1132 1168 1162 1221 id
1179 1167 1250 1236 quael
1264 1174 1326 1236 post
1343 1167 1400 1222 Ure.

217 1252 415 1308 daemonstravit
432 1252 489 1307 Mo.

310 1395 343 1460 L.
373 1394 538 1460 Cornelius
569 1394 626 1461 Gn.
659 1396 681 1460 f.
706 1397 860 1481 pr(eetor)
896 1397 1069 1482 sen(etum)
1100 1397 1286 1484 cons(uluit)
1317 1423 1344 1465 a.
1370 1400 1399 1463 d.

217 1497 276 1562 111
299 1521 399 1564 nonus
422 1497 523 1564 Maius
546 1499 605 1564 sub
630 1500 705 1564 6666
727 1500 893 1565 Kastorue.

312 1603 358 1688 (¹)
384 1601 448 1668 Scr.
475 1605 538 1668 adt.
563 1605 603 1670 A.
628 1603 769 1669 Manlius
793 1605 831 1670 Α.
856 1607 895 1685 f.‚
924 1605 985 1672 Sex
1008 1597 1261 1688 161166...,Ἰι.
1286 1608 1399 1674 Postu-

220 1711 305 1774 mius
329 1709 410 1795 S(p.)
434 1711 458 1775 f.

311 1815 357 1900 (¹¹)
388 1817 477 1894 Quod
510 1816 677 1882 Teiburtes
706 1817 830 1902 v(erba)
863 1818 1011 1902 f(ecistis)
1046 1819 1224 1903 quibusque
1246 1818 1284 1882 66
1307 1817 1400 1881 rebus

222 1941 277 1982 666
299 1921 504 2006 purgaturae,
529 1943 566 1986 66
589 1925 716 1986 senatus
740 1921 788 2006 (¹)
807 1922 951 1986 animum
968 1922 1108 1987 advortit
1123 1922 1169 1986 ita
1184 1923 1251 1986 ulei
1266 1943 1400 2008 aequom

216 2021 313 2087 tuiti
333 2047 453 2108 nosque
484 2047 520 2089 66
546 2026 593 2089 ita
622 2025 857 2104 audiveramus,
894 2025 941 2110 (⁵)
972 2031 1088 2090 utros
1112 2018 1400 2090 deixsiutisvobeis
1445 2067 1447 2071 -

222 2129 369 2193 nuntiata
391 2152 467 2194 6666.
515 2131 643 2194 uanos
667 2130 807 2192 animum
831 2135 977 2194 nostrum
1001 2129 1048 2214 (¹)
1073 2153 1137 2195 non
1154 2125 1400 2194 indoueebamus

217 2233 269 2296 aa
291 2231 378 2297 facta
400 2255 467 2298 esse
487 2239 618 2319 propter
635 2255 671 2297 66
688 2231 773 2317 quod
788 2233 947 2298 scibamus
974 2234 1021 2319 (¹)
1039 2256 1145 2299 66666
1163 2235 1275 2298 merito
1290 2238 1400 2298 nostro

217 2337 327 2403 facere
358 2361 422 2403 non
452 2339 609 2424 potuisse,
639 2361 741 2424 neque
764 2361 820 2402 666
843 2336 957 2424 dignos
981 2360 1057 2418 6666,
1089 2339 1135 2424 (⁸)
1160 2339 1232 2422 quei
1256 2361 1292 2402 66
1314 2335 1399 2403 fucess

223 2443 310 2522 retia,
334 2465 436 2528 neque
458 2443 490 2507 id
514 2444 623 2508 vobeis
646 2465 749 2526 neque
771 2443 818 2507 rei
841 2445 983 2528 puplicae
1006 2448 1133 2508 vostrae
1157 2441 1202 2527 (⁹)
1228 2443 1315 2507 oitile
1334 2463 1400 2507 esse

217 2549 336 2614 facere.
383 2547 426 2612 Et
448 2554 619 2634 postquam
647 2554 755 2614 vostra
777 2547 873 2613 verbe
896 2551 1024 2612 senatus
1047 2547 1181 2626 audivit,
1216 2545 1284 2632 (¹⁰)
1309 2551 1399 2611 tanto

225 2654 327 2738 magis
351 2653 492 2718 animum
515 2657 659 2718 nostrum
682 2653 891 2732 intonamus,
915 2655 961 2718 ita
983 2655 1048 2719 utei
1072 2660 1146 2719 ante
1170 2653 1237 2740 (¹¹)
1262 2653 1399 2718 arbitre-

221 2757 346 2835 bamur,
372 2757 409 2822 de
432 2759 476 2823 eis
499 2758 593 2822 rebus
617 2759 653 2822 af
675 2759 784 2824 vobeis
805 2763 969 2844 peceatum
993 2781 1057 2824 non
1080 2781 1155 2824 6666.
1196 2757 1264 2844 (¹¹)
1291 2757 1399 2834 Quon-

222 2886 287 2948 que
310 2864 347 2929 de
369 2864 444 2928 eieio
466 2864 559 2929 rebus
583 2863 725 2927 senatuei
748 2865 879 2948 purgati
905 2865 990 2943 estio,
1016 2865 1171 2929 eredimus
1187 2885 1306 2948 vosque
1330 2865 1356 2949 (¹
1369 2862 1398 2946 3)

219 2968 364 3033 animum
392 2973 533 3033 vostrum
555 2968 723 3032 indouoere
745 2973 888 3052 oportet,
919 2971 995 3033 item
1019 2991 1075 3033 vos
1098 2967 1215 3053 populo
1239 2965 1308 3053 (¹⁴)
1333 2967 1397 3033 Ro·

218 3097 317 3138 mano
340 3077 493 3159 purgatos
516 3073 593 3138 fore.

311 3300 366 3368 Se.
392 3303 438 3366 de
462 3300 719 3386 Asclepiade
743 3301 994 3367 Clazomenio
1017 3301 1283 3387 sociisque'a.
1308 3303 1382 3368 676.

310 3475 338 3531 O.
351 3476 375 3528 Ι.
389 3475 423 3528 L.
442 3476 639 3542 61166266·
657 3471 743 3529 Inscr.
762 3473 855 3526 Graec.
875 3471 985 3526 Siciliae
1002 3479 1028 3527 et
1046 3471 1146 3527 Italiae
1163 3477 1216 3528 247
1232 3477 1325 3528 6951.
1353 3473 1399 3528 Ri.

219 3563 275 3618 tab.
295 3567 337 3617 30.
375 3563 405 3616 E
423 3563 517 3616 tabula
534 3563 649 3628 666666,
677 3563 723 3615 cat
740 3559 790 3618 SO.
808 3567 924 3630 atraque
941 3562 1036 3631 liupuu
1054 3563 1212 3630 ineeriptum
1230 3569 1275 3630 eet,
1295 3561 1399 3616 Latina

219 3647 252 3704 in
269 3653 412 3719 66666666,
432 3650 536 3704 Graeca
553 3651 583 3703 in
600 3649 729 3715 inferiore
744 3653 832 3718 parte.
873 3649 943 3702 Pars
955 3647 1060 3702 Graeca
1075 3665 1161 3718 paene
1178 3651 1282 3720 intepra
1293 3657 1398 3705 6666666

217 3745 272 3805 eet,
298 3737 416 3792 Latinae
440 3737 624 3791 tantammodo
648 3743 765 3790 eutrema
780 3753 854 3804 pars.
897 3736 1032 3790 Varcianie
1051 3736 1399 3794 6666666661266263

218 3827 317 3882 litterae
343 3827 490 3880 maioribus
515 3827 610 3894 scripti
630 3831 701 3878 eunt.
743 3823 861 3878 Tabulae
886 3823 988 3878 Romen
1010 3841 1077 3878 6666,
1098 3823 1178 3878 XVI
1195 3831 1299 3894 reperta
1322 3825 1399 3880 hodie

222 3914 341 3984 Neapoli
356 3913 521 3968 alluerentur.
540 3943 575 3952 —-·
594 3913 713 3966 Pertinet
733 3911 783 3967 SG.
802 3912 839 3965 ael
857 3918 910 3966 trec
927 3913 1081 3966 6666661666
1092 3912 1210 3967 Graecae
1225 3919 1336 3980 propter
1347 3929 1396 3968 me-

220 4003 276 4056 rita
293 4018 356 4070 erpa
373 4001 562 4074 rempublicam
575 4001 727 4054 Raraunum
739 4003 769 4055 in
781 4001 927 4054 amicorum
935 4001 1035 4068 populi
1046 3999 1164 4053 Rcumni
1170 3995 1320 4067 formalem
1331 3999 1398 4068 refe

220 4091 325 4146 666666.
365 4089 449 4143 tlaurl
473 4105 538 4142 raro
560 4089 662 4156 einpuli
682 4089 800 4142 hemines
824 4089 854 4140 in
871 4087 969 4155 populi
985 4087 1132 4140 ammittant
1149 4087 1190 4139 ita
1207 4087 1304 4154 recepti
1320 4091 1399 4152 enum

217 4179 261 4230 ita
277 4177 315 4230 cul
331 4193 357 4232 6.
366 4179 417 4229 583
436 4173 494 4229 In'a
507 4177 611 4241 44,16,7
628 4173 863 4228 clancularia
882 4171 1035 4228 formulam
1054 4173 1188 4228 sociorum
1207 4189 1271 4228 eum
1289 4172 1398 4240 (Onesi-

223 4280 300 4318 mum
318 4261 510 4331 Macedonem)
529 4261 626 4315 referri
644 4261 735 4326 iussit,
755 4261 844 4316 locum
865 4259 957 4314 lautia
975 4259 1111 4330 praeberi,
1129 4261 1297 4325 indensem
1313 4260 1398 4313 666666

216 4365 295 4417 ¹taetre,
317 4351 414 4418 quitue
435 4349 484 4404 666
501 4347 552 4402 SG.
571 4365 594 4402 6.
614 4351 631 4402 7
648 4355 674 4402 et
689 4349 708 4401 8
724 4349 919 4417 cuperetitibus.
956 4349 1038 4402 Anao
1060 4349 1111 4401 676
1130 4351 1177 4412 (76
1193 4363 1212 4402 6
1232 4347 1272 4414 a)
1292 4347 1323 4400 id
1338 4347 1396 4412 fac-

219 4449 280 4490 eum
299 4454 359 4504 6666,
376 4438 555 4504 praescriptio
573 4435 693 4490 ostendit.
