<?xml version="1.0" encoding="UTF-8"?>
<!DOCTYPE html PUBLIC "-//W3C//DTD XHTML 1.0 Transitional//EN"
    "http://www.w3.org/TR/xhtml1/DTD/xhtml1-transitional.dtd">
<html xmlns="http://www.w3.org/1999/xhtml" xml:lang="en" lang="en">
 <head>
  <title>
</title>
<meta http-equiv="Content-Type" content="text/html;charset=utf-8" />
  <meta name='ocr-system' content='tesseract 3.04.00' />
  <meta name='ocr-capabilities' content='ocr_page ocr_carea ocr_par ocr_line ocrx_word'/>
</head>
<body>
  <div class='ocr_page' id='page_1' title='image "./fontesjurisroma00mommgoog_0508.png"; bbox 0 0 3400 5254; ppageno 0'>
   <div class='ocr_carea' id='block_1_1' title="bbox 271 355 971 422">
    <p class='ocr_par' dir='ltr' id='par_1_1' title="bbox 271 355 971 422">
     <span class='ocr_line' id='line_1_1' title="bbox 271 355 971 422; baseline 0.006 -17"><span class='ocrx_word' id='word_1_1' title='bbox 271 359 312 422; x_wconf 86' lang='lat'>92</span> <span class='ocrx_word' id='word_1_2' title='bbox 754 355 971 422; x_wconf 75' lang='lat' dir='ltr'>agrimensores.</span> 
     </span>
    </p>
   </div>
   <div class='ocr_carea' id='block_1_2' title="bbox 220 530 1450 2610">
    <p class='ocr_par' dir='ltr' id='par_1_2' title="bbox 270 530 1449 1140">
     <span class='ocr_line' id='line_1_2' title="bbox 270 530 1449 616; baseline 0.002 -22"><span class='ocrx_word' id='word_1_3' title='bbox 270 568 310 578; x_wconf 42' lang='grc' dir='ltr'>κ-</span> <span class='ocrx_word' id='word_1_4' title='bbox 327 532 366 594; x_wconf 94' lang='lat' dir='ltr'>F.</span> <span class='ocrx_word' id='word_1_5' title='bbox 384 537 436 596; x_wconf 77' lang='lat'>43,</span> <span class='ocrx_word' id='word_1_6' title='bbox 460 530 501 596; x_wconf 83' lang='lat' dir='ltr'>A.</span> <span class='ocrx_word' id='word_1_7' title='bbox 520 537 570 595; x_wconf 79' lang='lat'>74.</span> <span class='ocrx_word' id='word_1_8' title='bbox 594 532 636 594; x_wconf 89' lang='grc' dir='ltr'>Η.</span> <span class='ocrx_word' id='word_1_9' title='bbox 656 535 727 596; x_wconf 79' lang='lat'><em>129.</em></span> <span class='ocrx_word' id='word_1_10' title='bbox 746 569 789 577; x_wconf 94' lang='lat'>—</span> <span class='ocrx_word' id='word_1_11' title='bbox 807 531 871 612; x_wconf 77' lang='lat' dir='ltr'><em>(Of.</em></span> <span class='ocrx_word' id='word_1_12' title='bbox 893 533 1006 595; x_wconf 84' lang='lat' dir='ltr'>Front.</span> <span class='ocrx_word' id='word_1_13' title='bbox 1023 537 1116 608; x_wconf 67' lang='lat' dir='ltr'>MA:</span> <span class='ocrx_word' id='word_1_14' title='bbox 1140 531 1214 595; x_wconf 83' lang='lat' dir='ltr'>‘De¹</span> <span class='ocrx_word' id='word_1_15' title='bbox 1231 532 1309 610; x_wconf 86' lang='lat' dir='ltr'>loce,</span> <span class='ocrx_word' id='word_1_16' title='bbox 1332 534 1358 596; x_wconf 85' lang='lat' dir='ltr'>si</span> <span class='ocrx_word' id='word_1_17' title='bbox 1376 555 1449 616; x_wconf 92' lang='lat' dir='ltr'>pos·</span> 
     </span>
     <span class='ocr_line' id='line_1_3' title="bbox 270 635 1447 719; baseline -0.001 -17"><span class='ocrx_word' id='word_1_18' title='bbox 270 638 366 702; x_wconf 84' lang='lat' dir='ltr'>sessio</span> <span class='ocrx_word' id='word_1_19' title='bbox 389 636 509 719; x_wconf 91' lang='lat' dir='ltr'>petenti</span> <span class='ocrx_word' id='word_1_20' title='bbox 533 635 625 700; x_wconf 85' lang='lat' dir='ltr'>firma</span> <span class='ocrx_word' id='word_1_21' title='bbox 649 640 706 712; x_wconf 76' lang='lat' dir='ltr'>est,</span> <span class='ocrx_word' id='word_1_22' title='bbox 732 637 828 700; x_wconf 88' lang='lat' dir='ltr'>etiam</span> <span class='ocrx_word' id='word_1_23' title='bbox 852 637 1040 701; x_wconf 81' lang='lat' dir='ltr'>interdicere</span> <span class='ocrx_word' id='word_1_24' title='bbox 1063 636 1163 713; x_wconf 76' lang='lat' dir='ltr'>licet²‚</span> <span class='ocrx_word' id='word_1_25' title='bbox 1191 637 1266 700; x_wconf 85' lang='lat' dir='ltr'>dum</span> <span class='ocrx_word' id='word_1_26' title='bbox 1282 641 1388 702; x_wconf 88' lang='lat' dir='ltr'>cetera</span> <span class='ocrx_word' id='word_1_27' title='bbox 1410 661 1447 701; x_wconf 84' lang='lat' dir='ltr'>er</span> 
     </span>
     <span class='ocr_line' id='line_1_4' title="bbox 270 741 1447 825; baseline 0.001 -20"><span class='ocrx_word' id='word_1_28' title='bbox 270 742 439 807; x_wconf 86' lang='lat' dir='ltr'>interdicto</span> <span class='ocrx_word' id='word_1_29' title='bbox 470 741 641 825; x_wconf 79' lang='lat' dir='ltr'>diligenter</span> <span class='ocrx_word' id='word_1_30' title='bbox 672 742 905 824; x_wconf 78' lang='lat' dir='ltr'>peragantnr³z</span> <span class='ocrx_word' id='word_1_31' title='bbox 940 763 1057 824; x_wconf 89' lang='lat' dir='ltr'>magna</span> <span class='ocrx_word' id='word_1_32' title='bbox 1085 743 1169 806; x_wconf 91' lang='lat' dir='ltr'>enim</span> <span class='ocrx_word' id='word_1_33' title='bbox 1194 743 1264 806; x_wconf 90' lang='lat' dir='ltr'>alea</span> <span class='ocrx_word' id='word_1_34' title='bbox 1288 747 1336 806; x_wconf 89' lang='lat' dir='ltr'>est</span> <span class='ocrx_word' id='word_1_35' title='bbox 1358 742 1447 806; x_wconf 86' lang='lat' dir='ltr'>litem</span> 
     </span>
     <span class='ocr_line' id='line_1_5' title="bbox 270 846 1449 930; baseline 0 -20"><span class='ocrx_word' id='word_1_36' title='bbox 270 849 308 910; x_wconf 90' lang='lat' dir='ltr'>ad</span> <span class='ocrx_word' id='word_1_37' title='bbox 331 847 537 910; x_wconf 88' lang='lat' dir='ltr'>interdictum</span> <span class='ocrx_word' id='word_1_38' title='bbox 562 846 723 922; x_wconf 78' lang='lat' dir='ltr'>deducere,</span> <span class='ocrx_word' id='word_1_39' title='bbox 750 847 839 910; x_wconf 92' lang='lat' dir='ltr'>cuins</span> <span class='ocrx_word' id='word_1_40' title='bbox 863 851 911 910; x_wconf 91' lang='lat' dir='ltr'>est</span> <span class='ocrx_word' id='word_1_41' title='bbox 934 848 1077 910; x_wconf 79' lang='lat' dir='ltr'>executio</span> <span class='ocrx_word' id='word_1_42' title='bbox 1101 846 1368 930; x_wconf 83' lang='lat' dir='ltr'>perplexissima⁴.</span> <span class='ocrx_word' id='word_1_43' title='bbox 1415 846 1449 912; x_wconf 84' lang='lat' dir='ltr'>Si</span> 
     </span>
     <span class='ocr_line' id='line_1_6' title="bbox 272 950 1448 1034; baseline 0.002 -20"><span class='ocrx_word' id='word_1_44' title='bbox 272 975 345 1016; x_wconf 90' lang='lat' dir='ltr'>vero</span> <span class='ocrx_word' id='word_1_45' title='bbox 368 953 524 1034; x_wconf 82' lang='lat' dir='ltr'>possessio</span> <span class='ocrx_word' id='word_1_46' title='bbox 547 953 652 1014; x_wconf 89' lang='lat' dir='ltr'>minus</span> <span class='ocrx_word' id='word_1_47' title='bbox 678 950 770 1014; x_wconf 84' lang='lat' dir='ltr'>firma</span> <span class='ocrx_word' id='word_1_48' title='bbox 794 956 851 1029; x_wconf 81' lang='lat' dir='ltr'>est,</span> <span class='ocrx_word' id='word_1_49' title='bbox 877 956 1001 1016; x_wconf 88' lang='lat' dir='ltr'>mutata</span> <span class='ocrx_word' id='word_1_50' title='bbox 1023 951 1164 1016; x_wconf 85' lang='lat' dir='ltr'>formula</span> <span class='ocrx_word' id='word_1_51' title='bbox 1186 953 1255 1015; x_wconf 92' lang='lat' dir='ltr'>inre</span> <span class='ocrx_word' id='word_1_52' title='bbox 1276 951 1448 1026; x_wconf 75' lang='lat' dir='ltr'>Quiritium</span> 
     </span>
     <span class='ocr_line' id='line_1_7' title="bbox 271 1055 775 1140; baseline -0.008 -18"><span class='ocrx_word' id='word_1_53' title='bbox 271 1057 337 1140; x_wconf 88' lang='lat' dir='ltr'>peti</span> <span class='ocrx_word' id='word_1_54' title='bbox 360 1057 453 1120; x_wconf 90' lang='lat' dir='ltr'>debet</span> <span class='ocrx_word' id='word_1_55' title='bbox 477 1058 655 1139; x_wconf 82' lang='lat' dir='ltr'>proprietas</span> <span class='ocrx_word' id='word_1_56' title='bbox 679 1055 775 1139; x_wconf 81' lang='lat' dir='ltr'>loci&#39;)</span> 
     </span>
    </p>

    <p class='ocr_par' dir='ltr' id='par_1_3' title="bbox 360 1159 1430 1246">
     <span class='ocr_line' id='line_1_8' title="bbox 360 1159 1430 1246; baseline 0.003 -22"><span class='ocrx_word' id='word_1_57' title='bbox 360 1159 406 1246; x_wconf 87' lang='grc'>(5)</span> <span class='ocrx_word' id='word_1_58' title='bbox 439 1161 487 1225; x_wconf 92' lang='lat' dir='ltr'>De</span> <span class='ocrx_word' id='word_1_59' title='bbox 511 1161 629 1223; x_wconf 88' lang='lat' dir='ltr'>modo</span> <span class='ocrx_word' id='word_1_60' title='bbox 652 1161 866 1223; x_wconf 84' lang='lat' dir='ltr'>controversia</span> <span class='ocrx_word' id='word_1_61' title='bbox 890 1164 938 1223; x_wconf 87' lang='lat' dir='ltr'>est</span> <span class='ocrx_word' id='word_1_62' title='bbox 961 1161 994 1224; x_wconf 92' lang='lat' dir='ltr'>in</span> <span class='ocrx_word' id='word_1_63' title='bbox 1011 1183 1089 1246; x_wconf 89' lang='lat' dir='ltr'>agro</span> <span class='ocrx_word' id='word_1_64' title='bbox 1112 1161 1297 1245; x_wconf 86' lang='lat' dir='ltr'>adsignat0;</span> <span class='ocrx_word' id='word_1_65' title='bbox 1322 1164 1430 1246; x_wconf 87' lang='lat' dir='ltr'>agitur</span> 
     </span>
    </p>

    <p class='ocr_par' dir='ltr' id='par_1_4' title="bbox 221 1265 1449 1560">
     <span class='ocr_line' id='line_1_9' title="bbox 221 1265 1449 1349; baseline 0.007 -25"><span class='ocrx_word' id='word_1_66' title='bbox 221 1273 260 1324; x_wconf 70' lang='lat'>14,</span> <span class='ocrx_word' id='word_1_67' title='bbox 272 1269 355 1332; x_wconf 86' lang='lat' dir='ltr'>enim</span> <span class='ocrx_word' id='word_1_68' title='bbox 382 1268 419 1330; x_wconf 91' lang='lat' dir='ltr'>de</span> <span class='ocrx_word' id='word_1_69' title='bbox 443 1265 648 1348; x_wconf 89' lang='lat' dir='ltr'>antiquorum</span> <span class='ocrx_word' id='word_1_70' title='bbox 673 1265 837 1329; x_wconf 87' lang='lat' dir='ltr'>nominum</span> <span class='ocrx_word' id='word_1_71' title='bbox 860 1268 989 1349; x_wconf 87' lang='lat' dir='ltr'>propria</span> <span class='ocrx_word' id='word_1_72' title='bbox 1012 1266 1208 1344; x_wconf 81' lang='lat' dir='ltr'>defensione3</span> <span class='ocrx_word' id='word_1_73' title='bbox 1236 1307 1271 1314; x_wconf 89' lang='lat'>-</span> <span class='ocrx_word' id='word_1_74' title='bbox 1299 1274 1330 1331; x_wconf 91' lang='lat' dir='ltr'>et</span> <span class='ocrx_word' id='word_1_75' title='bbox 1350 1269 1381 1332; x_wconf 91' lang='lat' dir='ltr'>in</span> <span class='ocrx_word' id='word_1_76' title='bbox 1399 1291 1449 1333; x_wconf 89' lang='lat' dir='ltr'>ce·</span> 
     </span>
     <span class='ocr_line' id='line_1_10' title="bbox 272 1371 1449 1455; baseline 0.002 -19"><span class='ocrx_word' id='word_1_77' title='bbox 272 1373 348 1436; x_wconf 88' lang='lat' dir='ltr'>teris</span> <span class='ocrx_word' id='word_1_78' title='bbox 372 1372 459 1455; x_wconf 88' lang='lat' dir='ltr'>agris</span> <span class='ocrx_word' id='word_1_79' title='bbox 482 1372 519 1434; x_wconf 90' lang='lat' dir='ltr'>de</span> <span class='ocrx_word' id='word_1_80' title='bbox 536 1371 630 1435; x_wconf 89' lang='lat' dir='ltr'>modo</span> <span class='ocrx_word' id='word_1_81' title='bbox 654 1371 691 1433; x_wconf 90' lang='lat' dir='ltr'>fit</span> <span class='ocrx_word' id='word_1_82' title='bbox 707 1371 932 1448; x_wconf 87' lang='lat' dir='ltr'>controversia,</span> <span class='ocrx_word' id='word_1_83' title='bbox 956 1373 1103 1454; x_wconf 86' lang='lat' dir='ltr'>quotiens</span> <span class='ocrx_word' id='word_1_84' title='bbox 1119 1373 1323 1454; x_wconf 89' lang='lat' dir='ltr'>promissioni</span> <span class='ocrx_word' id='word_1_85' title='bbox 1338 1375 1449 1438; x_wconf 89' lang='lat' dir='ltr'>modus</span> 
     </span>
     <span class='ocr_line' id='line_1_11' title="bbox 272 1476 951 1560; baseline 0 -20"><span class='ocrx_word' id='word_1_86' title='bbox 272 1499 333 1540; x_wconf 92' lang='lat' dir='ltr'>non</span> <span class='ocrx_word' id='word_1_87' title='bbox 360 1477 505 1560; x_wconf 87' lang='lat' dir='ltr'>quadrat.</span> <span class='ocrx_word' id='word_1_88' title='bbox 551 1476 589 1538; x_wconf 88' lang='lat' dir='ltr'>F.</span> <span class='ocrx_word' id='word_1_89' title='bbox 607 1479 658 1540; x_wconf 76' lang='lat'>45.</span> <span class='ocrx_word' id='word_1_90' title='bbox 685 1477 725 1540; x_wconf 75' lang='grc' dir='ltr'>Α.</span> <span class='ocrx_word' id='word_1_91' title='bbox 742 1481 794 1540; x_wconf 81' lang='grc'>75.</span> <span class='ocrx_word' id='word_1_92' title='bbox 819 1476 862 1538; x_wconf 89' lang='grc' dir='ltr'>Η.</span> <span class='ocrx_word' id='word_1_93' title='bbox 881 1481 951 1540; x_wconf 86' lang='grc'><em>131.</em></span> 
     </span>
    </p>

    <p class='ocr_par' dir='ltr' id='par_1_5' title="bbox 220 1581 1450 2189">
     <span class='ocr_line' id='line_1_12' title="bbox 220 1581 1447 1667; baseline 0 -23"><span class='ocrx_word' id='word_1_94' title='bbox 220 1582 258 1633; x_wconf 83' lang='grc'>15-</span> <span class='ocrx_word' id='word_1_95' title='bbox 358 1581 403 1667; x_wconf 80' lang='lat' dir='ltr'>(u)</span> <span class='ocrx_word' id='word_1_96' title='bbox 440 1581 487 1644; x_wconf 91' lang='lat' dir='ltr'>De</span> <span class='ocrx_word' id='word_1_97' title='bbox 511 1584 792 1664; x_wconf 85' lang='lat' dir='ltr'>proprietate</span> <span class='ocrx_word' id='word_1_98' title='bbox 815 1584 1031 1646; x_wconf 88' lang='lat' dir='ltr'>controversia</span> <span class='ocrx_word' id='word_1_99' title='bbox 1055 1587 1103 1646; x_wconf 91' lang='lat' dir='ltr'>est</span> <span class='ocrx_word' id='word_1_100' title='bbox 1126 1582 1325 1666; x_wconf 88' lang='lat' dir='ltr'>plerumque:</span> <span class='ocrx_word' id='word_1_101' title='bbox 1358 1587 1394 1647; x_wconf 90' lang='lat' dir='ltr'>nt</span> <span class='ocrx_word' id='word_1_102' title='bbox 1415 1582 1447 1645; x_wconf 93' lang='lat' dir='ltr'>in</span> 
     </span>
     <span class='ocr_line' id='line_1_13' title="bbox 271 1687 1450 1770; baseline -0.001 -19"><span class='ocrx_word' id='word_1_103' title='bbox 271 1688 444 1770; x_wconf 81' lang='lat' dir='ltr'>Campanis</span> <span class='ocrx_word' id='word_1_104' title='bbox 477 1687 635 1750; x_wconf 89' lang='lat' dir='ltr'>cultorum</span> <span class='ocrx_word' id='word_1_105' title='bbox 668 1707 818 1770; x_wconf 83' lang='lat' dir='ltr'>agrorum</span> <span class='ocrx_word' id='word_1_106' title='bbox 852 1687 950 1750; x_wconf 88' lang='lat' dir='ltr'>silvae</span> <span class='ocrx_word' id='word_1_107' title='bbox 983 1688 1100 1750; x_wconf 91' lang='lat' dir='ltr'>absunt</span> <span class='ocrx_word' id='word_1_108' title='bbox 1122 1687 1155 1750; x_wconf 92' lang='lat' dir='ltr'>in</span> <span class='ocrx_word' id='word_1_109' title='bbox 1179 1688 1341 1750; x_wconf 88' lang='lat' dir='ltr'>montibus</span> <span class='ocrx_word' id='word_1_110' title='bbox 1365 1689 1450 1751; x_wconf 90' lang='lat' dir='ltr'>ultra</span> 
     </span>
     <span class='ocr_line' id='line_1_14' title="bbox 275 1791 1450 1875; baseline 0.001 -22"><span class='ocrx_word' id='word_1_111' title='bbox 275 1796 424 1875; x_wconf 91' lang='lat' dir='ltr'>quartum</span> <span class='ocrx_word' id='word_1_112' title='bbox 449 1795 504 1855; x_wconf 90' lang='lat' dir='ltr'>aut</span> <span class='ocrx_word' id='word_1_113' title='bbox 528 1792 674 1874; x_wconf 89' lang='lat' dir='ltr'>quintum</span> <span class='ocrx_word' id='word_1_114' title='bbox 700 1792 784 1854; x_wconf 85' lang='lat' dir='ltr'>forte</span> <span class='ocrx_word' id='word_1_115' title='bbox 801 1791 959 1867; x_wconf 81' lang='lat' dir='ltr'>vicinum3</span> <span class='ocrx_word' id='word_1_116' title='bbox 989 1792 1181 1873; x_wconf 79' lang='lat' dir='ltr'>propterea⁶</span> <span class='ocrx_word' id='word_1_117' title='bbox 1211 1791 1387 1874; x_wconf 85' lang='lat' dir='ltr'>proprietas</span> <span class='ocrx_word' id='word_1_118' title='bbox 1411 1791 1450 1854; x_wconf 88' lang='lat' dir='ltr'>ad</span> 
     </span>
     <span class='ocr_line' id='line_1_15' title="bbox 272 1895 1449 1980; baseline -0.001 -21"><span class='ocrx_word' id='word_1_119' title='bbox 272 1917 352 1980; x_wconf 90' lang='lat' dir='ltr'>quos</span> <span class='ocrx_word' id='word_1_120' title='bbox 385 1897 500 1960; x_wconf 89' lang='lat' dir='ltr'>fundos</span> <span class='ocrx_word' id='word_1_121' title='bbox 533 1897 691 1980; x_wconf 87' lang='lat' dir='ltr'>pertinere</span> <span class='ocrx_word' id='word_1_122' title='bbox 720 1896 833 1960; x_wconf 90' lang='lat' dir='ltr'>debeat</span> <span class='ocrx_word' id='word_1_123' title='bbox 856 1895 1038 1978; x_wconf 89' lang='lat' dir='ltr'>disputatur</span> <span class='ocrx_word' id='word_1_124' title='bbox 1047 1895 1068 1958; x_wconf 80' lang='lat'>⁶.</span> <span class='ocrx_word' id='word_1_125' title='bbox 1115 1895 1176 1959; x_wconf 81' lang='lat' dir='ltr'>Est</span> <span class='ocrx_word' id='word_1_126' title='bbox 1207 1902 1240 1960; x_wconf 88' lang='lat' dir='ltr'>et</span> <span class='ocrx_word' id='word_1_127' title='bbox 1263 1917 1449 1978; x_wconf 89' lang='lat' dir='ltr'>pascuorum</span> 
     </span>
     <span class='ocr_line' id='line_1_16' title="bbox 271 2001 1450 2085; baseline 0 -21"><span class='ocrx_word' id='word_1_128' title='bbox 271 2002 449 2085; x_wconf 84' lang='lat' dir='ltr'>proprietas</span> <span class='ocrx_word' id='word_1_129' title='bbox 473 2002 635 2084; x_wconf 86' lang='lat' dir='ltr'>pertinens</span> <span class='ocrx_word' id='word_1_130' title='bbox 659 2001 696 2064; x_wconf 88' lang='lat' dir='ltr'>ad</span> <span class='ocrx_word' id='word_1_131' title='bbox 722 2001 847 2078; x_wconf 87' lang='lat' dir='ltr'>fundos,</span> <span class='ocrx_word' id='word_1_132' title='bbox 876 2001 928 2063; x_wconf 88' lang='lat' dir='ltr'>sed</span> <span class='ocrx_word' id='word_1_133' title='bbox 953 2003 986 2064; x_wconf 93' lang='lat' dir='ltr'>in</span> <span class='ocrx_word' id='word_1_134' title='bbox 1013 2023 1189 2079; x_wconf 89' lang='lat' dir='ltr'>commune,</span> <span class='ocrx_word' id='word_1_135' title='bbox 1213 2001 1450 2085; x_wconf 91' lang='lat' dir='ltr'>propterquod</span> 
     </span>
     <span class='ocr_line' id='line_1_17' title="bbox 270 2103 1449 2189; baseline -0.003 -18"><span class='ocrx_word' id='word_1_136' title='bbox 270 2130 307 2171; x_wconf 90' lang='lat' dir='ltr'>ea</span> <span class='ocrx_word' id='word_1_137' title='bbox 336 2128 513 2189; x_wconf 85' lang='lat' dir='ltr'>conpascua</span> <span class='ocrx_word' id='word_1_138' title='bbox 545 2107 655 2170; x_wconf 86' lang='lat' dir='ltr'>multis</span> <span class='ocrx_word' id='word_1_139' title='bbox 687 2105 765 2169; x_wconf 89' lang='lat' dir='ltr'>locis</span> <span class='ocrx_word' id='word_1_140' title='bbox 798 2106 830 2168; x_wconf 94' lang='lat' dir='ltr'>in</span> <span class='ocrx_word' id='word_1_141' title='bbox 867 2105 963 2171; x_wconf 87' lang='lat' dir='ltr'>ltalia</span> <span class='ocrx_word' id='word_1_142' title='bbox 996 2103 1203 2171; x_wconf 77' lang='lat' dir='ltr'>communia⁷</span> <span class='ocrx_word' id='word_1_143' title='bbox 1237 2107 1449 2189; x_wconf 72' lang='lat' dir='ltr'>appellantur,</span> 
     </span>
    </p>

    <p class='ocr_par' dir='ltr' id='par_1_6' title="bbox 220 2209 1450 2504">
     <span class='ocr_line' id='line_1_18' title="bbox 220 2209 1450 2296; baseline 0.004 -25"><span class='ocrx_word' id='word_1_144' title='bbox 220 2219 259 2271; x_wconf 89' lang='grc'>16.</span> <span class='ocrx_word' id='word_1_145' title='bbox 270 2211 459 2296; x_wconf 87' lang='lat' dir='ltr'>quibusdam</span> <span class='ocrx_word' id='word_1_146' title='bbox 477 2211 664 2293; x_wconf 86' lang='lat' dir='ltr'>provinciis</span> <span class='ocrx_word' id='word_1_147' title='bbox 697 2233 755 2293; x_wconf 94' lang='lat' dir='ltr'>pro</span> <span class='ocrx_word' id='word_1_148' title='bbox 782 2209 945 2275; x_wconf 80' lang='lat' dir='ltr'>indivis0⁸.</span> <span class='ocrx_word' id='word_1_149' title='bbox 979 2212 984 2294; x_wconf 82' lang='grc' dir='ltr'>Ι</span> <span class='ocrx_word' id='word_1_150' title='bbox 1017 2211 1101 2276; x_wconf 89' lang='lat' dir='ltr'>Nam</span> <span class='ocrx_word' id='word_1_151' title='bbox 1124 2217 1156 2274; x_wconf 89' lang='lat' dir='ltr'>et</span> <span class='ocrx_word' id='word_1_152' title='bbox 1179 2234 1234 2294; x_wconf 89' lang='lat' dir='ltr'>per</span> <span class='ocrx_word' id='word_1_153' title='bbox 1258 2211 1450 2277; x_wconf 82' lang='lat' dir='ltr'>hereditates</span> 
     </span>
     <span class='ocr_line' id='line_1_19' title="bbox 270 2315 1450 2399; baseline 0.004 -22"><span class='ocrx_word' id='word_1_154' title='bbox 270 2321 326 2378; x_wconf 86' lang='lat' dir='ltr'>aut</span> <span class='ocrx_word' id='word_1_155' title='bbox 349 2315 524 2397; x_wconf 82' lang='lat' dir='ltr'>emptiones</span> <span class='ocrx_word' id='word_1_156' title='bbox 555 2315 622 2378; x_wconf 90' lang='lat' dir='ltr'>eins</span> <span class='ocrx_word' id='word_1_157' title='bbox 646 2315 772 2398; x_wconf 88' lang='lat' dir='ltr'>generis</span> <span class='ocrx_word' id='word_1_158' title='bbox 793 2317 1028 2381; x_wconf 88' lang='lat' dir='ltr'>controversiae</span> <span class='ocrx_word' id='word_1_159' title='bbox 1051 2317 1149 2392; x_wconf 80' lang='lat' dir='ltr'>fiunt,</span> <span class='ocrx_word' id='word_1_160' title='bbox 1181 2317 1219 2379; x_wconf 92' lang='lat' dir='ltr'>de</span> <span class='ocrx_word' id='word_1_161' title='bbox 1242 2317 1358 2399; x_wconf 89' lang='lat' dir='ltr'>quibus</span> <span class='ocrx_word' id='word_1_162' title='bbox 1381 2319 1450 2382; x_wconf 90' lang='lat' dir='ltr'>iure</span> 
     </span>
     <span class='ocr_line' id='line_1_20' title="bbox 269 2421 901 2504; baseline 0.003 -22"><span class='ocrx_word' id='word_1_163' title='bbox 269 2421 430 2485; x_wconf 86' lang='lat' dir='ltr'>ordinario</span> <span class='ocrx_word' id='word_1_164' title='bbox 452 2422 611 2504; x_wconf 88' lang='lat' dir='ltr'>litigatur.</span> <span class='ocrx_word' id='word_1_165' title='bbox 658 2421 697 2484; x_wconf 87' lang='lat' dir='ltr'>F.</span> <span class='ocrx_word' id='word_1_166' title='bbox 714 2425 766 2486; x_wconf 79' lang='lat'>48.</span> <span class='ocrx_word' id='word_1_167' title='bbox 790 2424 831 2486; x_wconf 80' lang='lat' dir='ltr'>A.</span> <span class='ocrx_word' id='word_1_168' title='bbox 850 2427 901 2485; x_wconf 85' lang='grc'>78.</span> 
     </span>
    </p>

    <p class='ocr_par' dir='ltr' id='par_1_7' title="bbox 357 2524 1450 2610">
     <span class='ocr_line' id='line_1_21' title="bbox 357 2524 1450 2610; baseline 0.003 -22"><span class='ocrx_word' id='word_1_169' title='bbox 357 2524 403 2610; x_wconf 89' lang='grc'>(7)</span> <span class='ocrx_word' id='word_1_170' title='bbox 440 2526 487 2589; x_wconf 88' lang='lat' dir='ltr'>De</span> <span class='ocrx_word' id='word_1_171' title='bbox 511 2527 786 2609; x_wconf 88' lang='lat' dir='ltr'>possessione</span> <span class='ocrx_word' id='word_1_172' title='bbox 808 2526 1025 2590; x_wconf 89' lang='lat' dir='ltr'>controversia</span> <span class='ocrx_word' id='word_1_173' title='bbox 1049 2530 1105 2605; x_wconf 76' lang='lat' dir='ltr'>est,</span> <span class='ocrx_word' id='word_1_174' title='bbox 1133 2526 1170 2590; x_wconf 93' lang='lat' dir='ltr'>de</span> <span class='ocrx_word' id='word_1_175' title='bbox 1195 2529 1320 2610; x_wconf 86' lang='lat' dir='ltr'>qua&#39;sd</span> <span class='ocrx_word' id='word_1_176' title='bbox 1347 2528 1450 2592; x_wconf 92' lang='lat' dir='ltr'>inter-</span> 
     </span>
    </p>
   </div>
   <div class='ocr_carea' id='block_1_3' title="bbox 269 2623 1451 3345">
    <p class='ocr_par' dir='ltr' id='par_1_8' title="bbox 270 2623 1321 2714">
     <span class='ocr_line' id='line_1_22' title="bbox 270 2623 1321 2714; baseline 0.002 -20"><span class='ocrx_word' id='word_1_177' title='bbox 270 2631 389 2695; x_wconf 86' lang='lat' dir='ltr'>dictum</span> <span class='ocrx_word' id='word_1_178' title='bbox 413 2630 474 2695; x_wconf 90' lang='lat' dir='ltr'>hoc</span> <span class='ocrx_word' id='word_1_179' title='bbox 497 2635 545 2696; x_wconf 90' lang='lat' dir='ltr'>est</span> <span class='ocrx_word' id='word_1_180' title='bbox 567 2633 636 2695; x_wconf 90' lang='lat' dir='ltr'>inre</span> <span class='ocrx_word' id='word_1_181' title='bbox 660 2623 821 2695; x_wconf 72' lang='lat' dir='ltr'>orrflnario</span> <span class='ocrx_word' id='word_1_182' title='bbox 845 2631 1022 2714; x_wconf 84' lang='lat' dir='ltr'>litigatur.⁹</span> <span class='ocrx_word' id='word_1_183' title='bbox 1068 2631 1107 2694; x_wconf 89' lang='lat' dir='ltr'>F.</span> <span class='ocrx_word' id='word_1_184' title='bbox 1124 2637 1175 2695; x_wconf 75' lang='lat'>49.</span> <span class='ocrx_word' id='word_1_185' title='bbox 1211 2633 1251 2696; x_wconf 81' lang='lat' dir='ltr'>A.</span> <span class='ocrx_word' id='word_1_186' title='bbox 1269 2637 1321 2696; x_wconf 77' lang='lat'>80.</span> 
     </span>
    </p>

    <p class='ocr_par' dir='ltr' id='par_1_9' title="bbox 269 2734 1451 3345">
     <span class='ocr_line' id='line_1_23' title="bbox 358 2734 1449 2819; baseline 0.002 -19"><span class='ocrx_word' id='word_1_187' title='bbox 358 2735 403 2819; x_wconf 76' lang='grc'>(8)</span> <span class='ocrx_word' id='word_1_188' title='bbox 431 2734 477 2798; x_wconf 89' lang='lat' dir='ltr'>De</span> <span class='ocrx_word' id='word_1_189' title='bbox 500 2736 721 2799; x_wconf 85' lang='lat' dir='ltr'>alluvione</span> <span class='ocrx_word' id='word_1_190' title='bbox 746 2736 782 2798; x_wconf 88' lang='lat' dir='ltr'>fit</span> <span class='ocrx_word' id='word_1_191' title='bbox 806 2737 1023 2799; x_wconf 87' lang='lat' dir='ltr'>controversia</span> <span class='ocrx_word' id='word_1_192' title='bbox 1045 2735 1211 2799; x_wconf 90' lang='lat' dir='ltr'>fluminum</span> <span class='ocrx_word' id='word_1_193' title='bbox 1233 2737 1449 2803; x_wconf 82' lang='lat' dir='ltr'>infestatione.</span> 
     </span>
     <span class='ocr_line' id='line_1_24' title="bbox 271 2838 1450 2921; baseline 0.004 -19"><span class='ocrx_word' id='word_1_194' title='bbox 271 2841 309 2902; x_wconf 83' lang='lat' dir='ltr'>F.</span> <span class='ocrx_word' id='word_1_195' title='bbox 326 2843 379 2902; x_wconf 87' lang='grc'>49.</span> <span class='ocrx_word' id='word_1_196' title='bbox 405 2840 442 2903; x_wconf 82' lang='grc' dir='ltr'>Α.</span> <span class='ocrx_word' id='word_1_197' title='bbox 461 2842 516 2902; x_wconf 80' lang='grc'>82.</span> <span class='ocrx_word' id='word_1_198' title='bbox 543 2877 581 2885; x_wconf 74' lang='lat'>-.</span> <span class='ocrx_word' id='word_1_199' title='bbox 600 2840 816 2920; x_wconf 75' lang='lat' dir='ltr'>pr.124,4:</span> <span class='ocrx_word' id='word_1_200' title='bbox 840 2838 888 2902; x_wconf 87' lang='lat' dir='ltr'>De</span> <span class='ocrx_word' id='word_1_201' title='bbox 912 2841 1072 2904; x_wconf 84' lang='lat' dir='ltr'>alluvione</span> <span class='ocrx_word' id='word_1_202' title='bbox 1095 2839 1275 2904; x_wconf 85' lang='lat' dir='ltr'>observatio</span> <span class='ocrx_word' id='word_1_203' title='bbox 1299 2842 1376 2906; x_wconf 89' lang='lat' dir='ltr'>haec</span> <span class='ocrx_word' id='word_1_204' title='bbox 1392 2846 1450 2921; x_wconf 76' lang='lat' dir='ltr'>est,</span> 
     </span>
     <span class='ocr_line' id='line_1_25' title="bbox 269 2943 1451 3030; baseline 0.004 -24"><span class='ocrx_word' id='word_1_205' title='bbox 269 2943 423 3027; x_wconf 90' lang='lat' dir='ltr'>numquid</span> <span class='ocrx_word' id='word_1_206' title='bbox 448 2943 485 3005; x_wconf 92' lang='lat' dir='ltr'>de</span> <span class='ocrx_word' id='word_1_207' title='bbox 509 2945 720 3025; x_wconf 89' lang='lat' dir='ltr'>occupatoriis</span> <span class='ocrx_word' id='word_1_208' title='bbox 744 2949 893 3028; x_wconf 88' lang='lat' dir='ltr'>ageretur</span> <span class='ocrx_word' id='word_1_209' title='bbox 911 2946 1007 3026; x_wconf 73' lang='lat' dir='ltr'>agris</span> <span class='ocrx_word' id='word_1_210' title='bbox 1032 2945 1096 3010; x_wconf 89' lang='lat' dir='ltr'>et¹⁰</span> <span class='ocrx_word' id='word_1_211' title='bbox 1114 2945 1269 3028; x_wconf 91' lang='lat' dir='ltr'>quidquid</span> <span class='ocrx_word' id='word_1_212' title='bbox 1286 2947 1333 3009; x_wconf 87' lang='lat' dir='ltr'>ris</span> <span class='ocrx_word' id='word_1_213' title='bbox 1351 2969 1451 3030; x_wconf 88' lang='lat' dir='ltr'>aquae</span> 
     </span>
     <span class='ocr_line' id='line_1_26' title="bbox 270 3047 1450 3130; baseline 0.001 -17"><span class='ocrx_word' id='word_1_214' title='bbox 270 3047 454 3126; x_wconf 82' lang='lat' dir='ltr'>abstulerit,</span> <span class='ocrx_word' id='word_1_215' title='bbox 486 3047 707 3130; x_wconf 89' lang='lat' dir='ltr'>repetitionem</span> <span class='ocrx_word' id='word_1_216' title='bbox 739 3071 831 3113; x_wconf 89' lang='lat' dir='ltr'>nemo</span> <span class='ocrx_word' id='word_1_217' title='bbox 855 3049 997 3113; x_wconf 89' lang='lat' dir='ltr'>habebit.</span> <span class='ocrx_word' id='word_1_218' title='bbox 1045 3051 1132 3126; x_wconf 83' lang='lat' dir='ltr'>Quae</span> <span class='ocrx_word' id='word_1_219' title='bbox 1156 3071 1205 3112; x_wconf 91' lang='lat' dir='ltr'>res</span> <span class='ocrx_word' id='word_1_220' title='bbox 1229 3051 1450 3115; x_wconf 88' lang='lat' dir='ltr'>necessitatem</span> 
     </span>
     <span class='ocr_line' id='line_1_27' title="bbox 270 3153 1450 3238; baseline 0.002 -22"><span class='ocrx_word' id='word_1_221' title='bbox 270 3154 356 3236; x_wconf 87' lang='lat' dir='ltr'>ripae</span> <span class='ocrx_word' id='word_1_222' title='bbox 380 3154 569 3216; x_wconf 89' lang='lat' dir='ltr'>muniendae</span> <span class='ocrx_word' id='word_1_223' title='bbox 591 3153 747 3237; x_wconf 86' lang='lat' dir='ltr'>iniungit,</span> <span class='ocrx_word' id='word_1_224' title='bbox 782 3154 827 3216; x_wconf 87' lang='lat' dir='ltr'>ita</span> <span class='ocrx_word' id='word_1_225' title='bbox 851 3159 970 3230; x_wconf 76' lang='lat' dir='ltr'>tamen,</span> <span class='ocrx_word' id='word_1_226' title='bbox 1004 3176 1043 3217; x_wconf 93' lang='lat' dir='ltr'>ne</span> <span class='ocrx_word' id='word_1_227' title='bbox 1066 3155 1197 3218; x_wconf 87' lang='lat' dir='ltr'>alterius</span> <span class='ocrx_word' id='word_1_228' title='bbox 1221 3156 1337 3218; x_wconf 90' lang='lat' dir='ltr'>damno</span> <span class='ocrx_word' id='word_1_229' title='bbox 1361 3156 1450 3238; x_wconf 88' lang='lat' dir='ltr'>quic·</span> 
     </span>
     <span class='ocr_line' id='line_1_28' title="bbox 269 3257 1451 3345; baseline 0.003 -24"><span class='ocrx_word' id='word_1_230' title='bbox 269 3281 365 3342; x_wconf 86' lang='lat' dir='ltr'>quem</span> <span class='ocrx_word' id='word_1_231' title='bbox 388 3258 496 3334; x_wconf 86' lang='lat' dir='ltr'>faciat,</span> <span class='ocrx_word' id='word_1_232' title='bbox 521 3258 575 3340; x_wconf 88' lang='lat' dir='ltr'>qui</span> <span class='ocrx_word' id='word_1_233' title='bbox 600 3259 701 3342; x_wconf 91' lang='lat' dir='ltr'>ripam</span> <span class='ocrx_word' id='word_1_234' title='bbox 721 3259 860 3322; x_wconf 89' lang='lat' dir='ltr'>muniet¹</span> <span class='ocrx_word' id='word_1_235' title='bbox 872 3258 890 3320; x_wconf 91' lang='lat'>¹.</span> <span class='ocrx_word' id='word_1_236' title='bbox 926 3257 960 3322; x_wconf 86' lang='lat' dir='ltr'>Si</span> <span class='ocrx_word' id='word_1_237' title='bbox 977 3280 1051 3321; x_wconf 87' lang='lat' dir='ltr'>vero</span> <span class='ocrx_word' id='word_1_238' title='bbox 1068 3260 1099 3321; x_wconf 92' lang='lat' dir='ltr'>in</span> <span class='ocrx_word' id='word_1_239' title='bbox 1118 3260 1265 3324; x_wconf 79' lang='lat' dir='ltr'>divisset</span> <span class='ocrx_word' id='word_1_240' title='bbox 1282 3261 1451 3345; x_wconf 80' lang='lat' dir='ltr'>adsignata</span> 
     </span>
    </p>
   </div>
   <div class='ocr_carea' id='block_1_4' title="bbox 267 3466 1454 4500">
    <p class='ocr_par' dir='ltr' id='par_1_10' title="bbox 267 3466 1454 4500">
     <span class='ocr_line' id='line_1_29' title="bbox 350 3466 1451 3534; baseline 0.001 -14"><span class='ocrx_word' id='word_1_241' title='bbox 350 3469 374 3530; x_wconf 90' lang='grc'>1)</span> <span class='ocrx_word' id='word_1_242' title='bbox 393 3467 444 3522; x_wconf 89' lang='lat' dir='ltr'>hcc</span> <span class='ocrx_word' id='word_1_243' title='bbox 462 3469 512 3521; x_wconf 79' lang='lat' dir='ltr'>ins.</span> <span class='ocrx_word' id='word_1_244' title='bbox 526 3468 589 3520; x_wconf 84' lang='lat' dir='ltr'>Arc.</span> <span class='ocrx_word' id='word_1_245' title='bbox 610 3497 643 3506; x_wconf 92' lang='grc'><strong>-</strong></span> <span class='ocrx_word' id='word_1_246' title='bbox 662 3467 689 3534; x_wconf 83' lang='lat'>2)</span> <span class='ocrx_word' id='word_1_247' title='bbox 709 3467 774 3520; x_wconf 82' lang='lat' dir='ltr'>Ideo</span> <span class='ocrx_word' id='word_1_248' title='bbox 793 3466 852 3534; x_wconf 81' lang='lat' dir='ltr'>Uip.</span> <span class='ocrx_word' id='word_1_249' title='bbox 871 3468 901 3520; x_wconf 84' lang='lat' dir='ltr'>in</span> <span class='ocrx_word' id='word_1_250' title='bbox 919 3468 1107 3521; x_wconf 79' lang='lat' dir='ltr'>commentario</span> <span class='ocrx_word' id='word_1_251' title='bbox 1127 3467 1164 3522; x_wconf 83' lang='lat' dir='ltr'>ud</span> <span class='ocrx_word' id='word_1_252' title='bbox 1181 3468 1351 3521; x_wconf 81' lang='lat' dir='ltr'>interdictum</span> <span class='ocrx_word' id='word_1_253' title='bbox 1374 3468 1404 3521; x_wconf 87' lang='lat' dir='ltr'>U.</span> <span class='ocrx_word' id='word_1_254' title='bbox 1419 3467 1451 3521; x_wconf 87' lang='lat' dir='ltr'>P.</span> 
     </span>
     <span class='ocr_line' id='line_1_30' title="bbox 270 3554 1451 3623; baseline -0.002 -15"><span class='ocrx_word' id='word_1_255' title='bbox 270 3557 299 3621; x_wconf 89' lang='lat' dir='ltr'>(l.</span> <span class='ocrx_word' id='word_1_256' title='bbox 319 3559 352 3609; x_wconf 86' lang='lat'>69</span> <span class='ocrx_word' id='word_1_257' title='bbox 370 3555 407 3608; x_wconf 84' lang='lat' dir='ltr'>ad</span> <span class='ocrx_word' id='word_1_258' title='bbox 424 3556 474 3618; x_wconf 81' lang='lat' dir='ltr'>ed.)</span> <span class='ocrx_word' id='word_1_259' title='bbox 495 3556 621 3608; x_wconf 80' lang='lat' dir='ltr'>tractarit</span> <span class='ocrx_word' id='word_1_260' title='bbox 640 3555 671 3608; x_wconf 86' lang='lat' dir='ltr'>de</span> <span class='ocrx_word' id='word_1_261' title='bbox 690 3555 764 3619; x_wconf 84' lang='lat' dir='ltr'>loco;</span> <span class='ocrx_word' id='word_1_262' title='bbox 789 3555 860 3607; x_wconf 83' lang='lat' dir='ltr'>unde</span> <span class='ocrx_word' id='word_1_263' title='bbox 879 3554 916 3607; x_wconf 90' lang='grc'>1).</span> <span class='ocrx_word' id='word_1_264' title='bbox 936 3557 1068 3621; x_wconf 86' lang='grc'><strong><em>50,16,60.</em></strong></span> <span class='ocrx_word' id='word_1_265' title='bbox 1094 3586 1128 3594; x_wconf 82' lang='lat'>—</span> <span class='ocrx_word' id='word_1_266' title='bbox 1147 3556 1174 3620; x_wconf 90' lang='grc'>3)</span> <span class='ocrx_word' id='word_1_267' title='bbox 1193 3557 1368 3623; x_wconf 85' lang='lat' dir='ltr'>peraguntur</span> <span class='ocrx_word' id='word_1_268' title='bbox 1386 3555 1451 3609; x_wconf 82' lang='lat' dir='ltr'>Are.</span> 
     </span>
     <span class='ocr_line' id='line_1_31' title="bbox 269 3640 1452 3711; baseline 0.001 -17"><span class='ocrx_word' id='word_1_269' title='bbox 269 3673 302 3680; x_wconf 99' lang='lat'><em>-</em></span> <span class='ocrx_word' id='word_1_270' title='bbox 327 3646 353 3710; x_wconf 82' lang='lat' dir='ltr'>l)</span> <span class='ocrx_word' id='word_1_271' title='bbox 373 3642 586 3710; x_wconf 77' lang='lat' dir='ltr'>perperissimus</span> <span class='ocrx_word' id='word_1_272' title='bbox 614 3648 635 3704; x_wconf 88' lang='lat' dir='ltr'>(s</span> <span class='ocrx_word' id='word_1_273' title='bbox 654 3644 751 3702; x_wconf 78' lang='lat' dir='ltr'>deletu)</span> <span class='ocrx_word' id='word_1_274' title='bbox 770 3642 835 3694; x_wconf 83' lang='lat' dir='ltr'>Are.</span> <span class='ocrx_word' id='word_1_275' title='bbox 865 3671 896 3681; x_wconf 92' lang='lat'>—</span> <span class='ocrx_word' id='word_1_276' title='bbox 926 3643 955 3708; x_wconf 84' lang='grc'>5)</span> <span class='ocrx_word' id='word_1_277' title='bbox 973 3644 1124 3711; x_wconf 88' lang='lat' dir='ltr'>propterea</span> <span class='ocrx_word' id='word_1_278' title='bbox 1142 3640 1242 3709; x_wconf 59' lang='lat' dir='ltr'>(laeli,</span> <span class='ocrx_word' id='word_1_279' title='bbox 1265 3657 1314 3694; x_wconf 86' lang='lat' dir='ltr'>om.</span> <span class='ocrx_word' id='word_1_280' title='bbox 1334 3642 1397 3695; x_wconf 82' lang='lat' dir='ltr'>Arc.</span> <span class='ocrx_word' id='word_1_281' title='bbox 1417 3672 1452 3682; x_wconf 88' lang='lat'>-</span> 
     </span>
     <span class='ocr_line' id='line_1_32' title="bbox 269 3727 1453 3796; baseline 0.002 -16"><span class='ocrx_word' id='word_1_282' title='bbox 269 3759 302 3768; x_wconf 96' lang='lat'>—</span> <span class='ocrx_word' id='word_1_283' title='bbox 322 3729 348 3796; x_wconf 89' lang='lat'>6)</span> <span class='ocrx_word' id='word_1_284' title='bbox 367 3728 537 3782; x_wconf 87' lang='lat' dir='ltr'>discutiatur</span> <span class='ocrx_word' id='word_1_285' title='bbox 556 3729 656 3796; x_wconf 61' lang='lat' dir='ltr'>Guelf„</span> <span class='ocrx_word' id='word_1_286' title='bbox 676 3729 764 3796; x_wconf 65' lang='lat' dir='ltr'>delicit</span> <span class='ocrx_word' id='word_1_287' title='bbox 783 3732 846 3784; x_wconf 86' lang='lat' dir='ltr'>Are.</span> <span class='ocrx_word' id='word_1_288' title='bbox 870 3760 898 3768; x_wconf 92' lang='lat'><em>-</em></span> <span class='ocrx_word' id='word_1_289' title='bbox 921 3730 946 3792; x_wconf 83' lang='grc'>7)</span> <span class='ocrx_word' id='word_1_290' title='bbox 965 3727 1061 3783; x_wconf 66' lang='lat' dir='ltr'>Floret.</span> <span class='ocrx_word' id='word_1_291' title='bbox 1080 3732 1173 3792; x_wconf 79' lang='lat'><em>48,23:</em></span> <span class='ocrx_word' id='word_1_292' title='bbox 1196 3729 1224 3782; x_wconf 92' lang='lat' dir='ltr'>in</span> <span class='ocrx_word' id='word_1_293' title='bbox 1244 3727 1358 3782; x_wconf 80' lang='lat' dir='ltr'>Etruria</span> <span class='ocrx_word' id='word_1_294' title='bbox 1376 3745 1453 3784; x_wconf 88' lang='lat' dir='ltr'>com·</span> 
     </span>
     <span class='ocr_line' id='line_1_33' title="bbox 269 3816 1451 3886; baseline 0 -18"><span class='ocrx_word' id='word_1_295' title='bbox 269 3816 396 3869; x_wconf 79' lang='lat' dir='ltr'>muralia</span> <span class='ocrx_word' id='word_1_296' title='bbox 415 3819 559 3871; x_wconf 86' lang='lat' dir='ltr'>vocantur.</span> <span class='ocrx_word' id='word_1_297' title='bbox 580 3848 611 3855; x_wconf 94' lang='lat'>—</span> <span class='ocrx_word' id='word_1_298' title='bbox 632 3817 660 3884; x_wconf 90' lang='grc'>8)</span> <span class='ocrx_word' id='word_1_299' title='bbox 683 3835 733 3886; x_wconf 90' lang='lat' dir='ltr'>pro</span> <span class='ocrx_word' id='word_1_300' title='bbox 753 3817 876 3871; x_wconf 83' lang='lat' dir='ltr'>indiuisa</span> <span class='ocrx_word' id='word_1_301' title='bbox 895 3819 966 3871; x_wconf 80' lang='lat' dir='ltr'>libri.</span> <span class='ocrx_word' id='word_1_302' title='bbox 985 3848 1016 3854; x_wconf 97' lang='lat'><strong>—</strong></span> <span class='ocrx_word' id='word_1_303' title='bbox 1038 3818 1066 3883; x_wconf 88' lang='grc'>9)</span> <span class='ocrx_word' id='word_1_304' title='bbox 1087 3816 1128 3883; x_wconf 81' lang='lat' dir='ltr'>Cf.</span> <span class='ocrx_word' id='word_1_305' title='bbox 1148 3832 1232 3884; x_wconf 80' lang='lat' dir='ltr'>supra</span> <span class='ocrx_word' id='word_1_306' title='bbox 1251 3821 1366 3869; x_wconf 83' lang='lat' dir='ltr'>controv.</span> <span class='ocrx_word' id='word_1_307' title='bbox 1378 3819 1402 3868; x_wconf 82' lang='lat'>4.</span> <span class='ocrx_word' id='word_1_308' title='bbox 1418 3849 1451 3858; x_wconf 92' lang='lat'>-</span> 
     </span>
     <span class='ocr_line' id='line_1_34' title="bbox 269 3900 1451 3974; baseline 0.003 -19"><span class='ocrx_word' id='word_1_309' title='bbox 269 3906 336 3972; x_wconf 67' lang='lat' dir='ltr'>Aga</span> <span class='ocrx_word' id='word_1_310' title='bbox 356 3905 445 3970; x_wconf 79' lang='lat' dir='ltr'>16,1s:</span> <span class='ocrx_word' id='word_1_311' title='bbox 475 3904 512 3956; x_wconf 92' lang='lat' dir='ltr'>De</span> <span class='ocrx_word' id='word_1_312' title='bbox 537 3906 709 3971; x_wconf 86' lang='lat' dir='ltr'>possessione</span> <span class='ocrx_word' id='word_1_313' title='bbox 731 3935 762 3944; x_wconf 91' lang='lat'>-</span> <span class='ocrx_word' id='word_1_314' title='bbox 781 3923 831 3974; x_wconf 89' lang='lat' dir='ltr'>per</span> <span class='ocrx_word' id='word_1_315' title='bbox 856 3905 1051 3966; x_wconf 86' lang='lat' dir='ltr'>interdictum,</span> <span class='ocrx_word' id='word_1_316' title='bbox 1082 3905 1134 3958; x_wconf 90' lang='lat' dir='ltr'>hoc</span> <span class='ocrx_word' id='word_1_317' title='bbox 1160 3906 1202 3957; x_wconf 87' lang='lat' dir='ltr'>est</span> <span class='ocrx_word' id='word_1_318' title='bbox 1221 3903 1281 3956; x_wconf 85' lang='lat' dir='ltr'>iure</span> <span class='ocrx_word' id='word_1_319' title='bbox 1298 3900 1451 3965; x_wconf 87' lang='lat' dir='ltr'>ordinario,</span> 
     </span>
     <span class='ocr_line' id='line_1_35' title="bbox 269 3988 1453 4060; baseline 0 -18"><span class='ocrx_word' id='word_1_320' title='bbox 269 3991 417 4060; x_wconf 64' lang='lat' dir='ltr'>litigatum</span> <span class='ocrx_word' id='word_1_321' title='bbox 444 3992 494 4045; x_wconf 86' lang='lat' dir='ltr'>hoc</span> <span class='ocrx_word' id='word_1_322' title='bbox 514 4007 568 4045; x_wconf 86' lang='lat' dir='ltr'>non</span> <span class='ocrx_word' id='word_1_323' title='bbox 589 3995 633 4046; x_wconf 89' lang='lat' dir='ltr'>est</span> <span class='ocrx_word' id='word_1_324' title='bbox 651 3992 817 4060; x_wconf 84' lang='lat' dir='ltr'>disciplinae</span> <span class='ocrx_word' id='word_1_325' title='bbox 838 3997 951 4048; x_wconf 86' lang='lat' dir='ltr'>nostrae</span> <span class='ocrx_word' id='word_1_326' title='bbox 970 3991 1112 4054; x_wconf 84' lang='lat' dir='ltr'>iudicium,</span> <span class='ocrx_word' id='word_1_327' title='bbox 1131 3991 1178 4044; x_wconf 90' lang='lat' dir='ltr'>sed</span> <span class='ocrx_word' id='word_1_328' title='bbox 1199 3990 1274 4059; x_wconf 90' lang='lat' dir='ltr'>apud</span> <span class='ocrx_word' id='word_1_329' title='bbox 1294 3988 1453 4058; x_wconf 86' lang='lat' dir='ltr'>praesidem</span> 
     </span>
     <span class='ocr_line' id='line_1_36' title="bbox 269 4076 1453 4147; baseline 0.001 -17"><span class='ocrx_word' id='word_1_330' title='bbox 269 4077 430 4146; x_wconf 84' lang='lat' dir='ltr'>provinciae</span> <span class='ocrx_word' id='word_1_331' title='bbox 455 4079 565 4147; x_wconf 86' lang='lat' dir='ltr'>agitur,</span> <span class='ocrx_word' id='word_1_332' title='bbox 595 4107 626 4118; x_wconf 88' lang='lat'>--</span> <span class='ocrx_word' id='word_1_333' title='bbox 646 4079 719 4132; x_wconf 88' lang='lat' dir='ltr'>sicut</span> <span class='ocrx_word' id='word_1_334' title='bbox 744 4078 788 4133; x_wconf 84' lang='lat' dir='ltr'>lex</span> <span class='ocrx_word' id='word_1_335' title='bbox 808 4081 863 4133; x_wconf 88' lang='lat' dir='ltr'>ait:</span> <span class='ocrx_word' id='word_1_336' title='bbox 893 4079 953 4133; x_wconf 86' lang='lat' dir='ltr'>‘nisi</span> <span class='ocrx_word' id='word_1_337' title='bbox 976 4079 1010 4132; x_wconf 92' lang='lat' dir='ltr'>de</span> <span class='ocrx_word' id='word_1_338' title='bbox 1029 4077 1208 4147; x_wconf 80' lang='lat' dir='ltr'>possessionis</span> <span class='ocrx_word' id='word_1_339' title='bbox 1226 4079 1304 4130; x_wconf 85' lang='lat' dir='ltr'>statu</span> <span class='ocrx_word' id='word_1_340' title='bbox 1323 4076 1453 4144; x_wconf 86' lang='lat' dir='ltr'>quaestio</span> 
     </span>
     <span class='ocr_line' id='line_1_37' title="bbox 269 4164 1451 4235; baseline 0 -19"><span class='ocrx_word' id='word_1_341' title='bbox 269 4164 353 4218; x_wconf 82' lang='lat' dir='ltr'>inerit</span> <span class='ocrx_word' id='word_1_342' title='bbox 372 4167 535 4229; x_wconf 87' lang='lat' dir='ltr'>terminata,</span> <span class='ocrx_word' id='word_1_343' title='bbox 556 4184 610 4220; x_wconf 92' lang='lat' dir='ltr'>non</span> <span class='ocrx_word' id='word_1_344' title='bbox 630 4165 696 4220; x_wconf 88' lang='lat' dir='ltr'>licet</span> <span class='ocrx_word' id='word_1_345' title='bbox 715 4167 835 4221; x_wconf 89' lang='lat' dir='ltr'>mensori</span> <span class='ocrx_word' id='word_1_346' title='bbox 854 4166 964 4235; x_wconf 90' lang='lat' dir='ltr'>praeire</span> <span class='ocrx_word' id='word_1_347' title='bbox 981 4166 1018 4219; x_wconf 90' lang='lat' dir='ltr'>ad</span> <span class='ocrx_word' id='word_1_348' title='bbox 1032 4164 1109 4220; x_wconf 82' lang='lat' dir='ltr'>locu&#39;.</span> <span class='ocrx_word' id='word_1_349' title='bbox 1133 4196 1160 4204; x_wconf 87' lang='lat'>-</span> <span class='ocrx_word' id='word_1_350' title='bbox 1184 4167 1226 4230; x_wconf 86' lang='grc'>10)</span> <span class='ocrx_word' id='word_1_351' title='bbox 1245 4164 1313 4217; x_wconf 90' lang='lat' dir='ltr'>haec</span> <span class='ocrx_word' id='word_1_352' title='bbox 1326 4165 1368 4217; x_wconf 85' lang='lat' dir='ltr'>est</span> <span class='ocrx_word' id='word_1_353' title='bbox 1380 4181 1451 4216; x_wconf 88' lang='lat' dir='ltr'>num</span> 
     </span>
     <span class='ocr_line' id='line_1_38' title="bbox 267 4251 1454 4321; baseline 0.001 -19"><span class='ocrx_word' id='word_1_354' title='bbox 267 4251 334 4319; x_wconf 91' lang='lat' dir='ltr'>quid</span> <span class='ocrx_word' id='word_1_355' title='bbox 362 4251 467 4319; x_wconf 88' lang='lat' dir='ltr'>(haesit</span> <span class='ocrx_word' id='word_1_356' title='bbox 491 4269 545 4306; x_wconf 88' lang='lat' dir='ltr'>non</span> <span class='ocrx_word' id='word_1_357' title='bbox 576 4253 649 4320; x_wconf 90' lang='lat' dir='ltr'>quod</span> <span class='ocrx_word' id='word_1_358' title='bbox 669 4258 748 4321; x_wconf 82' lang='lat' dir='ltr'>Arc,</span> <span class='ocrx_word' id='word_1_359' title='bbox 778 4257 820 4308; x_wconf 86' lang='lat' dir='ltr'>est</span> <span class='ocrx_word' id='word_1_360' title='bbox 838 4255 860 4308; x_wconf 87' lang='lat' dir='ltr'>si</span> <span class='ocrx_word' id='word_1_361' title='bbox 880 4255 949 4308; x_wconf 90' lang='lat' dir='ltr'>haec</span> <span class='ocrx_word' id='word_1_362' title='bbox 967 4254 990 4307; x_wconf 91' lang='lat' dir='ltr'>si</span> <span class='ocrx_word' id='word_1_363' title='bbox 1010 4255 1039 4306; x_wconf 90' lang='lat' dir='ltr'>in</span> <span class='ocrx_word' id='word_1_364' title='bbox 1059 4252 1161 4318; x_wconf 78' lang='lat' dir='ltr'>Guels.)</span> <span class='ocrx_word' id='word_1_365' title='bbox 1191 4253 1225 4306; x_wconf 93' lang='lat' dir='ltr'>de</span> <span class='ocrx_word' id='word_1_366' title='bbox 1245 4269 1299 4306; x_wconf 87' lang='lat' dir='ltr'>occ.</span> <span class='ocrx_word' id='word_1_367' title='bbox 1320 4253 1454 4320; x_wconf 87' lang='lat' dir='ltr'>ageretur</span> 
     </span>
     <span class='ocr_line' id='line_1_39' title="bbox 269 4337 1453 4411; baseline 0 -20"><span class='ocrx_word' id='word_1_368' title='bbox 269 4338 371 4404; x_wconf 78' lang='lat' dir='ltr'>(agitur</span> <span class='ocrx_word' id='word_1_369' title='bbox 392 4339 496 4406; x_wconf 80' lang='lat' dir='ltr'>Guelf.)</span> <span class='ocrx_word' id='word_1_370' title='bbox 517 4340 594 4408; x_wconf 87' lang='lat' dir='ltr'>agris</span> <span class='ocrx_word' id='word_1_371' title='bbox 613 4344 642 4395; x_wconf 90' lang='lat' dir='ltr'>et</span> <span class='ocrx_word' id='word_1_372' title='bbox 659 4342 801 4411; x_wconf 83' lang='lat' dir='ltr'>(sedAre.‚</span> <span class='ocrx_word' id='word_1_373' title='bbox 821 4359 871 4396; x_wconf 83' lang='lat' dir='ltr'>orn.</span> <span class='ocrx_word' id='word_1_374' title='bbox 885 4341 989 4410; x_wconf 62' lang='lat' dir='ltr'>(ineis.)</span> <span class='ocrx_word' id='word_1_375' title='bbox 1008 4340 1143 4410; x_wconf 89' lang='lat' dir='ltr'>quidquid</span> <span class='ocrx_word' id='word_1_376' title='bbox 1163 4340 1226 4394; x_wconf 78' lang='lat' dir='ltr'>libri</span> <span class='ocrx_word' id='word_1_377' title='bbox 1245 4337 1377 4408; x_wconf 79' lang='lat' dir='ltr'>[praestet</span> <span class='ocrx_word' id='word_1_378' title='bbox 1389 4338 1453 4406; x_wconf 85' lang='lat' dir='ltr'>for-</span> 
     </span>
     <span class='ocr_line' id='line_1_40' title="bbox 267 4424 1448 4500; baseline 0 -22"><span class='ocrx_word' id='word_1_379' title='bbox 267 4433 349 4479; x_wconf 84' lang='lat' dir='ltr'>tasse:</span> <span class='ocrx_word' id='word_1_380' title='bbox 369 4427 437 4480; x_wconf 87' lang='lat' dir='ltr'>haec</span> <span class='ocrx_word' id='word_1_381' title='bbox 454 4431 507 4480; x_wconf 90' lang='lat' dir='ltr'>est:</span> <span class='ocrx_word' id='word_1_382' title='bbox 528 4427 550 4479; x_wconf 88' lang='lat' dir='ltr'>si</span> <span class='ocrx_word' id='word_1_383' title='bbox 563 4428 598 4481; x_wconf 89' lang='lat' dir='ltr'>de</span> <span class='ocrx_word' id='word_1_384' title='bbox 611 4429 794 4499; x_wconf 86' lang='lat' dir='ltr'>occupatoriis</span> <span class='ocrx_word' id='word_1_385' title='bbox 808 4431 904 4500; x_wconf 87' lang='lat' dir='ltr'>agitur</span> <span class='ocrx_word' id='word_1_386' title='bbox 918 4429 1002 4499; x_wconf 83' lang='lat' dir='ltr'>agris,</span> <span class='ocrx_word' id='word_1_387' title='bbox 1015 4426 1150 4497; x_wconf 86' lang='lat' dir='ltr'>quidquid</span> <span class='ocrx_word' id='word_1_388' title='bbox 1164 4433 1211 4480; x_wconf 80' lang='lat' dir='ltr'>cet.</span> <span class='ocrx_word' id='word_1_389' title='bbox 1233 4427 1281 4478; x_wconf 82' lang='lat' dir='ltr'>Ta.</span> <span class='ocrx_word' id='word_1_390' title='bbox 1295 4424 1340 4494; x_wconf 86' lang='grc' dir='ltr'>Μ.]</span> <span class='ocrx_word' id='word_1_391' title='bbox 1355 4455 1388 4463; x_wconf 95' lang='grc'>-</span> <span class='ocrx_word' id='word_1_392' title='bbox 1403 4428 1448 4494; x_wconf 83' lang='lat' dir='ltr'>ll)</span> 
     </span>
    </p>
   </div>
   <div class='ocr_carea' id='block_1_5' title="bbox 0 0 1710 5254">
    <p class='ocr_par' dir='ltr' id='par_1_11' title="bbox 0 0 1710 5254">
     <span class='ocr_line' id='line_1_41' title="bbox 0 0 1710 5254; baseline 0 0"><span class='ocrx_word' id='word_1_393' title='bbox 0 0 1710 5254; x_wconf 95' lang='lat' dir='ltr'> </span> 
     </span>
    </p>
   </div>
  </div>
 </body>
</html>
