3386 5240
677 375 764 445 Leges
782 375 885 444 regIae.
1352 374 1370 438 7

195 553 377 640 Ῥωμύλος),
401 555 443 616 ίυν
468 553 604 636 σφοδρὸς
630 553 684 636 μέν
710 554 792 617 ἐστιν
818 553 834 616 δ
857 545 982 636 γυναικί
1006 556 1047 637 μὴ
1072 553 1174 628 διδούς
1197 553 1376 636 ἀπολείπειν

199 661 306 744 ἀνδρα,
330 669 465 743 γυναῖκα
490 657 524 721 δέ
549 657 653 732 διδούς
680 657 844 744 ἐκβάλλειν
862 659 911 721 ἐπί
927 657 1109 742 φαρμακείᾳ
1124 656 1243 720 τέκνων
1259 659 1279 740 ἢ
1295 657 1377 722 κλει·

198 767 257 830 δῶν
288 765 430 852 ύποβολῄ
462 767 516 828 καί
547 765 785 848 μοιχευθεῖσαν·
819 765 846 828 εί
876 763 904 829 δ’
934 764 1040 839 ἄλλως
1068 785 1113 838 τις
1145 763 1376 847 ἀποπέμψαιτο,

196 880 249 954 της
273 870 380 944 οὐσίας
404 871 499 932 αὐτοῦ
524 871 559 932 τὸ
585 871 639 952 μέν
665 879 721 953 της
745 871 894 953 γυναικδς
918 869 1003 950 εἶναι,
1026 871 1062 932 τὸ
1086 869 1120 932 δέ
1142 878 1198 951 τῆς
1214 868 1377 953 Δήμητρος

198 975 278 1058 ἱερὸν
302 973 461 1051 κελεύων·
485 975 538 1036 τδν
562 971 589 1036 δ’
605 974 801 1057 ἀποδόμενον
825 983 960 1056 γυναῖκα
975 973 1112 1037 θύεσθαι
1127 973 1266 1057 χθονίοις
1281 973 1377 1049 θεοῖς.

287 1081 336 1145 10.
360 1079 458 1146 Diua.
478 1080 677 1164 (2,26.27):¹
702 1077 751 1163 (Ὁ
766 1077 941 1164 Ῥωμύλος)
959 1081 1083 1142 ἅπασαν
1099 1117 1141 1126 -
1158 1078 1275 1142 έδωκεν
1292 1078 1377 1156 ἐξου-

198 1185 265 1248 σίαν
289 1185 383 1267 πατρί
416 1181 494 1246 καθ’
517 1184 602 1265 υίοῦ,
633 1186 686 1248 καί
709 1187 795 1267 παρὰ
817 1185 920 1247 πάντα
942 1186 995 1246 τὸν
1017 1192 1073 1246 τοῦ
1096 1183 1163 1270 βίου
1187 1183 1300 1266 χρύνον
1324 1183 1378 1246 ἐάν

199 1310 231 1354 τε
257 1293 382 1373 εἴργειν,
407 1289 460 1352 ἐάν
484 1309 517 1352 τε
543 1299 724 1374 μαστιγοῦν,
748 1290 802 1353 ἐάν
825 1311 859 1353 τε
883 1289 1006 1373 δέσμιον
1030 1289 1164 1351 ἐπὶτῶν
1187 1288 1258 1350 κατ’
1281 1289 1378 1372 ἀγρδν

202 1397 301 1478 ἔργων
326 1393 487 1478 κατέχειν,
521 1395 574 1457 ἐάν
602 1416 636 1458 τε
660 1393 901 1458 ἀποκτιννύναιί
932 1404 1128 1477 προαιρῆται.
1153 1431 1194 1441 -
1218 1393 1379 1457 ἀλλὰκαὶ

201 1499 316 1562 πωλεῖν
350 1499 449 1582 ἐφῆκε
481 1501 534 1561 τδν
562 1499 627 1561 stov
657 1507 700 1584 τῷ
724 1501 826 1582 πατρί,
851 1535 894 1547 -
918 1501 1087 1562 καὶτοῦτο
1112 1497 1311 1583 συνεχώρησε
1335 1507 1378 1582 τῷ

201 1605 304 1688 πατρί,
333 1603 424 1688 μέχρι
447 1603 550 1687 τρίτης
573 1607 719 1686 πράσεως
742 1601 795 1686 ἀφ’
811 1605 879 1668 υίοῦ
895 1603 1160 1688 χρηματίσασθαι.
1183 1643 1227 1652 -
1251 1607 1329 1686 μετὰ
1345 1604 1380 1666 δὲ

201 1714 256 1794 τὴν
279 1709 382 1792 τρίτην
407 1719 519 1792 πρᾶσιν
545 1708 732 1792 ἀπήλλακτο
755 1717 810 1771 τοῦ
834 1707 981 1792 πατρός.3
1412 1734 1413 1737 “

290 1816 338 1881 11.
366 1813 464 1878 Dico.
482 1813 585 1895 (2,15)
596 1813 622 1878 :⁴
645 1812 700 1887 Είς
717 1813 857 1897 ἀνάγκην
873 1813 1047 1897 κατέστησε
1073 1813 1103 1890 (ὁ
1118 1811 1292 1896 Ῥωμύλος)
1309 1815 1380 1886 τοὺς

177 1942 194 1974 e
205 1919 371 2002 οἰκήτορας
393 1958 436 1966 -
460 1921 585 1982 άπασαν
602 1919 717 2002 ἄρρενα
733 1921 843 2001 γενεὰν
860 1917 1030 2001 ἐκτρέφειν,
1054 1919 1108 1981 καί
1124 1917 1309 2000 θυγατέρων
1324 1919 1382 1991 τὰς

207 2025 443 2108 πρωτογύνους,
477 2023 697 2088 ἀποκτιννύναι
726 2023 760 2086 δὲ
785 2023 880 2107 μηδὲν
910 2033 971 2092 τιῦν
999 2022 1199 2106 γεννωμένων
1229 2021 1385 2104 νειύτερον

206 2137 353 2210 τριετοῦς,
378 2128 459 2212 πλὴν
483 2131 512 2192 εί
532 2150 561 2191 τι
585 2127 706 2212 γένοιτο
729 2127 851 2191 παιδίον
876 2130 1035 2212 ἀνάπηρον
1057 2129 1078 2210 ί)
1098 2125 1190 2210 τέρας
1207 2127 1302 2201 εὐθὺς
1319 2129 1386 2190 ἀπὸ

205 2241 315 2316 γονῆς.
339 2243 438 2296 ταῦτα
462 2231 489 2296 δ’
505 2235 565 2296 ούκ
590 2232 748 2296 έκιύλυσεν
772 2231 930 2296 ἐκτιθέναι
947 2236 1021 2306 τοὺς
1037 2231 1247 2314 γειναμένους,
1272 2229 1386 2293 ἐπιδεί-

208 2336 318 2414 ξαντας
342 2337 493 2419 πρύτερον
517 2336 608 2400 πέντε
632 2337 763 2420 ἀνδράσι
785 2346 848 2410 τοῖς
872 2337 999 2419 ἐγγιστα
1023 2337 1169 2416 οἰκοῦσιν,
1194 2337 1247 2398 ἐὰν
1271 2335 1386 2398 κάκεί-

206 2462 269 2516 νοις
293 2441 440 2526 συνδοκη.
465 2445 548 2512 κατὰ
574 2442 607 2504 δὲ
630 2452 692 2506 τῶν
717 2445 758 2526 μη
781 2439 976 2524 πειθομένων
999 2449 1042 2525 τῷ
1066 2441 1151 2524 νόμῳ
1175 2440 1285 2525 ζημίας
1309 2442 1382 2523 ὥρι-

204 2567 255 2609 σεν
280 2545 379 2620 ἄλλας
405 2568 438 2609 τε
461 2549 516 2609 καί
539 2558 594 2631 τῆς
619 2547 726 2621 οὐσίας
751 2549 853 2610 αὐτῶν
876 2550 931 2630 την
954 2545 1096 2630 ἡμίσειαν
1120 2546 1196 2608 εἶναι
1220 2545 1381 2630 δημοσίαν.
1456 2585 1460 2593 -

292 2653 341 2716 12.
366 2651 562 2717 Plutarchus
578 2651 787 2738 (Ιίοιιι.22);ὗ
810 2651 905 2715 Ἴδιον
920 2690 962 2699 -
978 2654 1013 2714 τδ
1028 2651 1178 2736 μηδεμίαν
1195 2651 1284 2736 δίκην
1299 2655 1383 2715 κατὰ

207 2757 428 2840 πατροκτόνων
453 2757 601 2840 ὁρίσαντα
628 2759 693 2843 (τὸν
710 2757 885 2843 Ῥωμύλον)
909 2768 1011 2820 πᾶσαν
1036 2757 1241 2840 ἀνδροφονίαν
1264 2777 1383 2840 πατρο-

205 2861 329 2924 κτονίαν
352 2872 540 2943 προσειπεῖν.

294 2969 344 3031 13.
371 2966 528 3049 sranius,
553 2990 641 3030 suess
664 2990 739 3031 urvis
762 2989 914 3030 euasurum
936 2967 1058 3032 usrou.⁶

277 3141 302 3212 1)
322 3141 467 3209 (Romulus
486 3158 595 3196 omnem
615 3141 786 3210 potestatem
804 3139 834 3193 in
853 3139 942 3192 filium
961 3138 1038 3208 patri
1056 3139 1202 3201 concessit,
1221 3138 1305 3207 idque
1323 3141 1383 3194 toto

207 3228 284 3283 vitae
304 3231 438 3298 tempore,
464 3227 522 3282 sive
540 3244 604 3282 eum
623 3243 734 3282 carcere
753 3227 903 3292 includere,
928 3226 987 3281 sive
1005 3227 1160 3290 verberare,
1180 3227 1239 3280 sive
1258 3225 1384 3279 vinctum

205 3314 240 3368 ad
262 3329 348 3384 opera
367 3313 472 3368 rustica
490 3313 624 3379 detinere,
643 3315 701 3368 sive
714 3313 838 3370 occidere
851 3314 945 3370 vellet.
975 3311 1070 3367 Etiam
1085 3311 1206 3367 vendere
1218 3311 1305 3365 filium
1319 3328 1381 3381 per-

208 3400 285 3454 misit
305 3399 396 3470 patri;
417 3401 485 3469 quin
504 3401 590 3455 etiam
607 3401 660 3455 hoc
673 3399 806 3455 concessit
818 3399 902 3468 petri,
921 3401 1052 3467 utusque
1066 3399 1103 3453 ad
1118 3396 1233 3452 tertiam
1248 3397 1386 3452 venditio-

205 3505 270 3542 nem
298 3505 349 3558 per
374 3488 463 3542 filium
490 3487 663 3558 adquireret:
691 3491 754 3557 post
781 3487 898 3540 tertiam
917 3504 982 3542 vcro
1000 3485 1191 3541 venditionem
1210 3485 1386 3539 liberabatur

207 3573 279 3628 tilius
301 3591 318 3628 a
337 3578 438 3645 patre.)
457 3606 489 3614 -
509 3576 538 3644 2)
559 3575 601 3644 Of.
621 3575 719 3643 Pupia.
739 3577 769 3628 ιἰι
783 3573 848 3628 Uolt.
862 3578 921 3638 4,8.·
940 3573 1009 3628 Oum
1028 3573 1105 3644 patri
1124 3574 1168 3627 lex
1185 3573 1265 3642 regia
1276 3572 1386 3628 dederit

207 3661 236 3714 iu
250 3662 340 3716 filium
354 3662 431 3717 sitae
444 3663 574 3732 necisque
588 3665 766 3732 potestatem.
785 3694 819 3702 -
832 3664 859 3733 3)
875 3662 917 3732 Of.
930 3663 1055 3726 X11.4,a
1076 3693 1105 3701 -
1126 3663 1154 3729 4)
1173 3660 1386 3731 (Necessitatem

206 3748 340 3819 imposuit
358 3749 492 3804 Romulus
509 3751 624 3815 civibus,
644 3767 755 3806 omnem
775 3751 885 3806 virilem
901 3751 1008 3820 prolem
1022 3751 1139 3804 educare
1156 3751 1185 3804 et
1196 3749 1269 3802 filias
1282 3749 1385 3818 primo-

207 3837 327 3906 genitas,
356 3854 455 3892 necare
476 3855 541 3894 vero
560 3839 670 3892 nullum
689 3838 778 3892 fetum
799 3839 922 3894 triennio
941 3839 1084 3899 minorem,
1110 3836 1164 3889 uisi
1182 3837 1281 3888 uatum
1300 3835 1386 3912 muti·

208 3924 266 3978 lum
279 3928 342 3985 aaut
370 3927 527 3981 monstrum
551 3924 650 3980 statim
678 3927 743 3994 post
768 3929 896 3995 partum:
924 3927 973 3981 hos
993 3943 1010 3979 a
1028 3923 1193 3994 parentibus
1212 3922 1313 3992 exponi
1331 3940 1386 3978 uon

210 4011 357 4080 prohibuit
375 4013 526 4068 dummodo
546 4029 590 4068 eos
609 4011 686 4081 prius
705 4012 886 4067 ostenderent
904 4012 1026 4081 quinque
1044 4010 1141 4065 vicinis
1153 4010 1293 4079 proximis,
1312 4009 1387 4078 iique

210 4099 239 4152 id
256 4099 497 4169 comprobassent;
518 4099 612 4156 ineos
632 4116 706 4164 vero,
726 4099 773 4168 qui
792 4100 903 4168 legibus
922 4100 983 4152 istis
1002 4117 1056 4154 nou
1070 4098 1305 4166 obtemperarent,
1325 4113 1388 4165 poe·

210 4203 261 4240 nas
286 4187 390 4241 statuit
415 4204 477 4241 cnm
497 4187 569 4241 alins
588 4191 650 4241 tum
670 4186 757 4241 etiam
776 4188 863 4252 hauc,
894 4186 968 4242 bona
986 4203 1081 4240 eorum
1100 4201 1150 4254 pro
1169 4187 1251 4253 parte
1270 4183 1388 4240 dimidia

210 4274 372 4344 publicari.)
394 4275 435 4342 Cf.
451 4275 572 4339 X11.r,1.
594 4307 623 4314 -
644 4275 672 4346 5)
692 4273 850 4343 (singulare
863 4277 914 4336 est,
933 4273 1006 4342 quod
1019 4272 1184 4340 (Romulus),
1203 4270 1385 4324 cumunilam

211 4361 242 4415 in
255 4363 409 4431 parricidas
428 4362 565 4416 statuerit
585 4379 713 4432 poenam,
732 4378 813 4418 omne
826 4359 1004 4416 homicidium
1019 4359 1175 4429 appellavit
1187 4356 1388 4427 parricidium.)

214 4449 254 4518 Of.
273 4449 337 4520 Lep.
358 4449 438 4503 Nam.
458 4454 499 4503 12,
524 4478 559 4490 -
584 4451 612 4520 6)
633 4451 704 4505 Feci.
731 4452 824 4517 (230).·
854 4449 968 4504 Plorare
987 4448 1051 4502 flere
1069 4447 1235 4516 (inclamare
1253 4445 1302 4499 ιἰιεζ
1322 4443 1388 4511 cort,
