3400 5250
169 379 174 389 ¹
205 397 206 401 ’
289 383 352 448 206
732 377 832 432 Edicta
850 377 1021 446 praetorum.

288 563 409 635 tronae,
433 555 582 620 liberisve
605 555 681 630 suis,
705 551 807 616 fratre
831 572 948 627 sorore,
974 535 1083 628 uxore,
1106 572 1214 616 socero
1231 573 1332 626 socru,
1354 572 1474 636 genero

289 685 380 740 nuru,
406 661 520 724 vitrico
542 679 687 736 noverca,
712 657 863 741 privigno
880 655 1042 739 privigna,
1059 655 1182 739 pupillo
1198 657 1331 740 pupilla,
1348 655 1471 722 furioso

288 767 418 844 furiosa,
442 765 493 830 cui
516 786 625 828 eorum
649 786 667 827 a
683 767 814 846 parente
831 765 887 825 aut
903 761 941 824 de
957 760 1086 826 maioris
1103 761 1204 844 partis
1220 761 1380 825 tutorum¹
1397 783 1467 826 sen·

290 872 392 936 tentia
415 875 471 934 aut
495 870 535 933 ab
558 891 604 946 ee,
636 868 725 932 cuius
749 868 787 930 de
811 889 848 931 ea
871 889 905 930 re
928 866 1108 930 iurisdictio
1133 866 1206 944 fuit,
1231 888 1268 930 ea
1291 867 1394 932 tutela
1417 891 1473 932 cu-

290 977 411 1040 ratiove
433 977 509 1039 data
532 973 620 1038 erit².

197 1071 277 1150 plat.
380 1079 434 1144 Vl.
473 1078 531 1143 De
560 1075 847 1142 contuentis?
897 1079 924 1141 1.
956 1076 1018 1150 Qui
1048 1077 1204 1142 satisdare
1235 1083 1395 1164 cogantur
1423 1077 1474 1144 vel

289 1187 393 1250 iurato
417 1185 609 1269 promittant
636 1184 684 1247 vel
707 1205 783 1246 suae
804 1181 1010 1265 promissioni
1033 1182 1304 1250 committantur⁴.
1420 1262 1422 1268 Ι

377 1293 405 1354 2.
443 1289 477 1354 si
509 1314 546 1354 ex
570 1289 679 1354 noxali
713 1310 808 1352 causa
831 1291 965 1372 agatur,
998 1287 1265 1370 quemadmodum
1295 1287 1470 1352 caveaturl.

291 1445 400 1459 .....
431 1396 464 1458 in
496 1395 605 1458 eadem
634 1415 730 1457 causa
761 1415 834 1456 eum
857 1391 1007 1456 exhibere
1038 1391 1072 1454 iu
1096 1413 1160 1474 qua
1181 1396 1260 1457 tunc
1282 1397 1344 1471 est,
1375 1393 1473 1458 donec

201 1584 204 1592 1
289 1502 441 1566 iudicium
465 1499 667 1584 accipiaturl.
1460 1492 1463 1498 ’

378 1609 407 1670 3.
442 1605 489 1670 De
513 1625 549 1668 ec
573 1625 630 1688 per
654 1626 747 1688 quem
771 1603 894 1668 lactum
919 1604 989 1681 erit,
1022 1605 1214 1688 quominus
1238 1605 1472 1689 quisoudiruc-
1560 1613 1563 1619 '

289 1713 379 1775 ulruu
402 1707 521 1774 sistatl.

185 1813 278 1893 υρῗξῖξζ
378 1814 450 1880 Vll.
488 1815 546 1878 De
573 1815 879 1898 cognitoribus
909 1821 941 1878 et
964 1815 1320 1899 procuratoribus
1349 1798 1473 1881 etde-

291 1920 561 1984 tensoribusfl.
610 1921 638 1982 1.
666 1921 728 2001 Qut
751 1941 789 1983 ue
812 1920 883 1983 deut
906 1921 1114 2002 sepultorem.
1141 1969 1248 1986 .....
1275 1925 1307 1984 et
1322 1921 1377 2004 qui
1393 1941 1472 1997 eam,

292 2047 387 2109 quam
417 2026 452 2088 in
483 2029 641 2110 potestate
673 2024 785 2101 habet,
817 2045 936 2109 genero
959 2031 1096 2100 mortuo,
1120 2046 1192 2088 cum
1216 2047 1286 2090 eum
1310 2029 1472 2090 mortuum

291 2151 357 2194 esse
379 2131 489 2206 sciret,
523 2131 555 2193 in
580 2130 822 2194 matrimonium
855 2129 1058 2194 collocaverit
1085 2152 1194 2194 eamve
1217 2130 1318 2196 sciens
1341 2153 1470 2196 uxorem

291 2235 425 2313 duxerit,
459 2239 490 2298 at
514 2233 569 2318 qui
595 2255 677 2312 eum,
709 2256 803 2316 quem
825 2233 858 2296 in
884 2237 1042 2316 potestate
1066 2233 1211 2312 haberet,
1244 2257 1352 2299 earum
1376 2218 1472 2319 quam

290 2362 419 2404 uxorem
445 2341 558 2405 ducere
582 2360 695 2424 passus
718 2338 835 2402 fuerit:
864 2357 980 2420 quaeue
1002 2338 1106 2401 virum
1128 2343 1293 2421 parentem
1317 2339 1473 2404 liberosve

291 2467 363 2508 suos
396 2443 444 2510 uti
476 2447 576 2509 moris
596 2449 664 2521 est,
696 2464 760 2506 non
784 2441 937 2506 eluxerit:
971 2465 1086 2524 quaeue
1108 2465 1179 2507 cum
1202 2444 1236 2506 in
1258 2443 1401 2528 parentis
1424 2445 1473 2508 sui

292 2555 450 2633 potestate
474 2572 538 2613 non
563 2553 654 2624 esset,
679 2548 748 2611 viro
769 2551 907 2624 mortuo,
921 2569 1003 2612 ,oum
1020 2569 1091 2611 eum
1107 2553 1270 2614 mortuum
1286 2571 1353 2614 esse
1368 2549 1472 2626 sciret,

291 2657 377 2718 intra
400 2656 432 2718 id
455 2659 590 2738 tempus,
616 2675 679 2738 quo
704 2654 833 2735 elugere
859 2653 963 2716 virum
986 2654 1084 2717 moris
1107 2657 1166 2731 est,
1189 2654 1350 2738 nupseritl
1368 2705 1373 2714 .
1393 2703 1399 2717 .
1418 2703 1449 2718 ..

377 2761 406 2823 2.
444 2761 506 2840 Qut
528 2781 566 2822 ue
588 2758 701 2822 deutur
724 2757 940 2839 occultorum.

376 2863 406 2928 3.
444 2862 671 2946 Copultoreru¹¹
691 2862 730 2925 ad
746 2861 835 2925 litem
851 2863 1083 2946 suscipiendam
1103 2864 1224 2942 datum,
1240 2886 1299 2947 pro
1316 2885 1379 2947 quo
1395 2884 1471 2927 corr-

290 2967 446 3031 sentiente
476 2965 623 3030 domiuus
654 2967 828 3031 iudicatum
853 2968 932 3032 solvi
957 2971 1117 3052 exposuit,
1150 2970 1303 3036 iudicium
1327 2970 1469 3052 accipere

290 3070 445 3158 cogamll.

378 3179 408 3240 4.
442 3175 483 3240 Ei
507 3177 561 3260 qui
584 3175 776 3260 cognitorem
792 3175 931 3256 (dederit,
956 3199 1051 3242 causo
1069 3179 1189 3260 capuita
1201 3179 1385 3258 permittam
1403 3197 1473 3240 euru

290 3281 434 3346 utdlurrc
456 3282 504 3346 uel
526 3277 708 3364 mutu)re¹⁸.

380 3390 407 3450 Γ.
449 3385 487 3450 Ut
509 3386 610 3449 uticae
633 3387 757 3449 ucuulue
779 3386 847 3450 siue
861 3381 1015 3447 muudutu
1030 3400 1119 3461 opere
1134 3399 1197 3442 uou
1213 3378 1310 3441 liceat.
1345 3378 1468 3458 Quibus

289 3493 484 3573 uruulelpuru
505 3493 629 3556 ucruluc
646 3512 738 3573 opere
756 3489 889 3555 lleeut¹⁴.

361 3683 385 3744 1)
405 3680 474 3734 eave
491 3681 557 3748 quid
574 3687 672 3734 mutes:
694 3697 749 3750 cry.
770 3681 807 3733 D.
827 3681 948 3746 46,7,3‚5,
974 3679 1008 3742 cf.
1028 3679 1174 3744 26,7‚3‚r.7.
1213 3673 1254 3739 cf.
1274 3673 1299 3726 I.
1320 3672 1348 3728 0.
1369 3673 1470 3738 Nabar,

290 3770 420 3823 Muemoe.
451 3767 508 3821 NS.
529 3771 632 3835 17,388.
660 3797 695 3805 —
724 3768 751 3836 2)
769 3767 806 3820 D.
823 3771 892 3833 3‚2,1
909 3769 952 3820 iet.
969 3767 1113 3832 3‚1,1‚9.1r‚·
1131 3767 1148 3817 3
1163 3780 1204 3832 pr.
1234 3761 1278 3814 De
1295 3762 1376 3814 tutus
1393 3760 1474 3814 euleu

288 3857 453 3910 restitutione
472 3855 506 3921 ef.
526 3853 613 3907 ΖΕΘ.
636 3857 676 3919 15,
692 3871 720 3920 p.
734 3856 767 3906 56
776 3869 814 3921 sq.
843 3854 887 3906 r'ct.
910 3851 971 3906 Get.
990 3854 1075 3917 4,182.
1103 3881 1135 3888 -
1165 3852 1192 3919 3)
1215 3850 1259 3903 De
1276 3850 1360 3902 ouria
1381 3848 1473 3900 edictis

288 3943 337 3998 sub
356 3944 406 4016 luce
423 3943 501 3996 titulo
518 3942 663 4010 propositis
680 3957 703 3996 o.
716 3940 752 3992 E.
767 3939 799 3992 P.
814 3958 845 4008 p.
856 3943 895 3992 65.
918 3969 947 3978 -
967 3938 994 4009 4)
1015 3938 1099 3992 Rutu.
1119 3938 1156 3992 D.
1174 3941 1234 4004 2,8;
1253 3937 1287 4004 cf.
1307 3936 1369 3990 Gal.
1387 3937 1471 3998 4,185.

289 4063 324 4071 -
341 4033 369 4100 5)
388 4031 473 4084 Rubr.
493 4029 531 4082 D.
549 4031 601 4096 2,9.
624 4057 653 4067 -—
672 4029 699 4097 6)
717 4028 756 4081 D.
774 4030 842 4090 2.9,1
864 4044 907 4094 pr.
940 4057 972 4065 -
998 4026 1026 4095 7)
1046 4025 1130 4078 uua.
1149 4024 1186 4077 D.
1205 4027 1279 4088 2,10.·
1308 4039 1363 4090 quo
1381 4023 1473 4075 minus

289 4118 350 4188 quis
367 4117 397 4172 in
416 4115 518 4171 iudicio
537 4116 627 4169 sistat.
649 4146 681 4154 -
700 4115 729 4184 8)
750 4115 835 4168 auor.
849 4115 887 4170 D.
902 4117 945 4179 3‚3
962 4114 1035 4167 rubr.
1041 4113 1081 4181 fr.
1098 4113 1158 4166 Vct.
1167 4115 1226 4166 317.
1248 4140 1279 4148 «-
1298 4111 1325 4181 9)
1345 4110 1395 4164 Fr.
1412 4111 1471 4163 Vct.

289 4211 359 4260 320.
388 4206 466 4274 Quod
477 4205 518 4272 fr.
537 4205 574 4257 ud
592 4204 700 4257 titulum
720 4203 751 4256 cle
769 4203 950 4272 sepultoribus
964 4203 1099 4270 pertinere
1116 4199 1206 4254 docuit
1224 4199 1364 4266 Korlowc,
1385 4197 1472 4252 ΖΕΘ.

289 4299 319 4362 9,
343 4313 372 4364 p.
390 4297 445 4348 220
462 4310 500 4362 sq.
539 4291 580 4360 ΟΥ.
600 4290 636 4344 D.
656 4293 829 4356 3,2‚15.17.1a
863 4320 894 4328 -
924 4289 968 4358 10)
990 4288 1032 4357 Cf.
1052 4287 1102 4340 Fr.
1127 4286 1184 4341 Vct.
1204 4289 1263 4338 322.
1291 4317 1323 4324 -
1345 4286 1387 4345 11)
1406 4284 1471 4353 Dip.

289 4383 508 4451 procuratorem.
542 4379 583 4447 Of.
604 4377 667 4434 Gai.
685 4382 768 4442 4101.
791 4408 826 4417 -
847 4379 890 4447 12)
908 4377 945 4431 D.
964 4378 1071 4444 3,3,8,3.
1093 4405 1122 4413 -
1146 4372 1188 4443 13)
1208 4372 1258 4426 Fr.
1285 4373 1341 4428 Vct.
1360 4375 1417 4426 341.
1439 4401 1471 4410 ·-

292 4470 336 4538 14)
357 4468 398 4536 Cf.
418 4467 453 4521 E.
473 4468 503 4520 Ρ.
523 4471 538 4532 §
556 4469 601 4520 29.
620 4469 667 4532 31;
686 4465 723 4519 D.
742 4469 826 4533 3‚4,3;
846 4465 881 4532 ef.
901 4469 918 4517 7
932 4480 976 4532 pr.
