3400 5254
545 401 642 466 Varro,
662 401 696 456 de
715 400 815 470 lingua
835 399 944 462 Latina,
965 401 984 454 l.
1004 399 1076 453 VIII.
1367 403 1409 468 63

230 579 324 644 debet
348 578 430 669 dati,
454 579 528 641 dum
552 577 700 652 solveret,
724 598 824 640 nexus
847 581 989 654 vocatur,
1013 581 1050 640 ut
1073 577 1208 641 ab‘aere
1228 577 1409 660 obaeratus,

232 681 302 747 Hoc
326 681 358 748 C.
384 681 525 746 Poetelio
548 681 670 746 Libone
693 678 822 745 Visolo²
847 681 1020 746 dictatore³
1043 682 1207 746 sublatum
1229 704 1269 746 ne
1284 682 1408 754 lieret‘:

231 790 264 850 et
286 807 406 860 omnes,
430 786 484 869 qui
501 787 618 850 bonam
635 785 760 869 copiam
780 786 936 863 iurarunt,
961 807 1000 848 ne
1016 791 1121 850 essent
1135 787 1217 862 nexi,
1235 785 1409 851 dissoluti⁶.

693 1019 695 1024 ,
733 958 814 1012 niter
836 958 907 1012 vni.

320 1083 350 1146 i.
394 1082 491 1148 Utin
514 1082 698 1147 hominibus
731 1082 886 1166 quaedam
917 1085 993 1145 sunt
1016 1083 1203 1164 agnationes
1228 1083 1280 1146 ac⁰
1304 1083 1410 1166 genti·

232 1186 348 1263 lirares,
373 1189 418 1250 sic
440 1187 474 1250 in
497 1187 619 1264 verbis;
644 1191 680 1250 ut
702 1187 787 1251 enim
804 1187 844 1249 ab
860 1185 998 1250 Aemilio
1014 1185 1176 1251 homines⁷
1201 1188 1264 1251 orti
1283 1188 1411 1252 Aemilii

234 1313 270 1354 ac
295 1292 443 1375 gentiles
472 1293 517 1356 sic
540 1293 581 1356 ab
607 1292 735 1358 Aemilii
759 1292 888 1356 nornine
911 1291 1087 1355 declinatae
1110 1313 1201 1356 voces
1224 1293 1256 1355 in
1281 1293 1411 1376 gentili·

234 1399 300 1458 iate
323 1397 495 1472 nominali;
520 1398 560 1460 ab
584 1419 620 1460 eo
643 1398 735 1476 enim,
760 1397 845 1480 quod
868 1401 916 1461 est
937 1396 1113 1480 inpositum
1137 1402 1224 1461 recto
1246 1405 1323 1460 casu'
1350 1397 1410 1462 Ae·

234 1501 350 1580 milius,
374 1505 445 1565 orta
469 1501 608 1580 Aemilii,
634 1502 806 1566 Aemilium
832 1509 886 1572 eet.

322 1605 373 1670 82.
413 1604 451 1670 In
476 1608 536 1670 hoc
559 1607 629 1690 ipso
658 1608 808 1692 analogia
831 1609 981 1685 nonest,
1014 1609 1098 1690 quod
1122 1607 1178 1672 alii
1200 1609 1331 1672 nomina
1353 1608 1412 1671 ha·

235 1710 312 1774 bent
336 1711 376 1774 ab
400 1713 535 1796 oppidis,
560 1713 614 1776 alii
640 1716 773 1776 autnon
791 1713 921 1790 habent,
946 1717 1082 1776 autnon
1097 1715 1135 1776 ut
1149 1713 1266 1776 debent
1281 1712 1410 1776 habent.

236 1815 287 1880 83.
326 1815 459 1880 Habent
482 1817 624 1901 plerique
646 1817 790 1883 libertini
814 1841 832 1882 e
855 1819 1028 1901 municipio
1052 1817 1258 1894 manumissi,
1281 1819 1313 1880 in
1338 1839 1411 1901 quo,

233 1925 269 1983 ut
303 1922 489 1986 societatum
518 1928 550 1987 et
579 1923 729 1988 fanorum
752 1924 849 2001 servi,
881 1945 943 1986 uon
970 1927 1138 1986 servarunt
1167 1945 1225 2006 pro
1249 1921 1412 2006 portione⁸

234 2026 399 2090 rationem.
448 2028 491 2092 Et
508 2027 726 2092 Romanorum
749 2027 856 2092 liberti
881 2029 1059 2091 debuerunt
1077 2027 1148 2105 dici,
1173 2031 1209 2090 ut
1224 2050 1243 2090 a
1258 2025 1413 2090 Faventia

236 2129 442 2208 Faventinus,
476 2133 516 2195 ab
540 2131 640 2196 Reate
664 2132 828 2208 Reatinus„
863 2133 908 2197 sio
930 2157 948 2196 a
972 2131 1075 2196 Roma
1099 2131 1272 2210 Romanus,
1296 2136 1332 2195 ut
1354 2153 1412 2196 uo-

233 2235 398 2298 minantur
421 2259 439 2299 a
462 2236 621 2300 libertinis
645 2237 707 2302 orti
732 2237 867 2321 publicis
891 2237 1037 2320 [scilicet]
1062 2239 1160 2301 servis
1184 2235 1330 2315 Romani,
1356 2237 1411 2321 qui

234 2339 420 2402 manumissi
446 2339 567 2424 [sunt]⁹
592 2347 666 2406 ante
689 2365 782 2426 quam
807 2343 866 2406 sub
886 2342 1168 2425 magistratuum¹⁰
1192 2342 1330 2419 nomina,
1356 2341 1410 2425 qui

234 2467 286 2510 eos
310 2445 495 2526 liberarunt,
520 2449 683 2514 succedere
706 2453 887 2532 coeperunt.

467 2641 496 2704 2.
532 2641 559 2704 E
583 2642 716 2708 libris
740 2665 878 2706 rerum
901 2641 1179 2706 rusticarum.

305 2775 455 2844 Scriptores
472 2781 512 2833 rei
530 2783 647 2835 rusticae
665 2781 703 2834 ed.
718 2781 868 2835 Schneider.
889 2783 964 2834 1794.
997 2779 1069 2834 Tum.
1089 2779 1109 2832 I
1124 2796 1152 2847 p.
1171 2781 1230 2832 123.
1268 2777 1308 2831 M.
1328 2775 1411 2830 Porci

237 2859 348 2915 Cotonea
366 2863 398 2916 ele
416 2868 478 2933 apri
495 2869 603 2920 cultura
622 2875 646 2922 et
665 2869 705 2923 M.
722 2869 829 2924 Terenti
844 2867 973 2922 Varronis
990 2885 1080 2922 rerum
1097 2869 1263 2921 rusticarum
1281 2865 1346 2919 libri
1362 2870 1414 2918 tres

233 2963 266 3000 ere
283 2965 333 3004 ree.
355 2950 391 3006 H.
413 2952 505 3006 Keilii.
533 2959 608 3008 1884.
647 2957 703 3024 Cir.
724 2958 863 3011 exordium
877 2975 907 3025 p.
926 2960 967 3012 49.

767 3079 849 3134 Liber
868 3081 888 3133 1.

322 3195 352 3272 2,
377 3195 405 3260 9.
440 3194 473 3258 O.
490 3195 646 3260 Licinium
663 3195 826 3261 Stolonem
850 3235 892 3244 —-
916 3199 1007 3262 video
1032 3199 1150 3276 venire,
1174 3235 1218 3246 ·—
1240 3199 1329 3262 cuius
1345 3221 1413 3262 ma·

308 3403 333 3467 l)
353 3401 436 3457 debet
449 3401 500 3456 dat
512 3401 667 3472 Scluepler,
686 3403 808 3458 debebat
821 3404 855 3461 F.
875 3433 909 3442 -
928 3404 954 3471 2)
973 3405 1012 3457 sic
1019 3405 1079 3472 fere
1095 3405 1264 3470 Lachmann,
1282 3405 1414 3475 cpopillio

235 3506 335 3544 uocare
355 3491 419 3545 sillo
438 3490 472 3544 F.
491 3519 525 3528 «-
542 3491 570 3559 3)
590 3489 772 3561 [Dictatorem
790 3493 861 3546 bunc
881 3491 910 3546 0.
934 3493 1081 3546 Poetelium
1100 3493 1128 3548 0.
1143 3495 1168 3562 f.
1191 3493 1218 3547 0.
1239 3512 1265 3548 n.
1285 3493 1415 3547 Libonem

242 3578 358 3631 Visolum
373 3580 446 3646 susti
464 3581 500 3633 ad
519 3598 543 3634 a.
563 3583 615 3632 441
633 3587 782 3647 recensent,-
800 3587 830 3634 ut
849 3581 945 3634 Liuius
963 3583 1027 3646 8,28
1043 3581 1153 3634 eandem
1171 3581 1252 3650 lenem
1270 3581 1416 3635 Poetelium

236 3665 321 3718 lutam
339 3681 392 3718 esse
410 3665 451 3718 eit
470 3682 487 3718 u
504 3673 583 3733 putre
601 3669 657 3722 eius
676 3670 844 3736 ccpnomine,
870 3669 916 3722 sed
935 3667 964 3722 G.
978 3668 1003 3735 f.
1024 3667 1053 3736 Q.
1072 3686 1114 3736 n.,
1139 3669 1245 3722 eornule
1263 3669 1371 3722 tertium
1388 3686 1414 3722 u.

235 3755 296 3806 428.
336 3752 377 3821 Cf.
396 3759 462 3810 adra.
481 3755 673 3824 Fcrseleunpen
690 3759 779 3823 2‚244.
804 3756 853 3808 Ta.
869 3756 916 3826 M.]
939 3786 968 3794 -
988 3757 1016 3826 4)
1035 3755 1096 3809 Lie.
1117 3755 1160 3808 le
1177 3775 1186 3808 .·
1204 3753 1271 3808 inssi
1290 3755 1415 3811 eonsules

237 3839 309 3893 ferre
327 3839 364 3892 ad
379 3840 522 3908 populum,
541 3843 656 3912 nequis,
676 3843 730 3898 nisi
741 3844 789 3913 qui
802 3859 905 3897 noxam
918 3843 1071 3906 meruisset,
1085 3842 1171 3898 donec
1183 3859 1302 3912 poenam
1315 3843 1414 3908 lueret,

236 3925 267 3979 in
285 3926 457 3996 conpedibus
476 3931 526 3982 aut
545 3928 575 3982 in
595 3947 680 3985 nervo
706 3933 859 3995 teneretur,
885 3930 1019 4000 pecuniae
1038 3929 1161 3986 creditae
1180 3929 1255 3984 bona
1273 3929 1415 3994 debitoris,

239 4030 296 4068 non
315 4031 414 4082 corpus
438 4013 588 4071 obnoxium
607 4020 686 4072 esset.
723 4019 768 4072 Ita
786 4017 850 4074 nexi
869 4019 953 4073 soluti
972 4021 1141 4087 cautumque
1158 4017 1188 4070 in
1206 4019 1356 4086 posterum,
1380 4033 1415 4072 ne

236 4101 422 4158 necterentur.
441 4133 475 4141 -
494 4106 521 4172 5)
540 4103 679 4175 dissoluti]
699 4105 746 4158 sed
766 4105 850 4159 soluti
869 4106 992 4162 Mueller.
1007 4137 1032 4144 —
1050 4107 1078 4176 6)
1097 4105 1132 4158 ad
1152 4104 1186 4157 F.
1207 4135 1238 4142 -
1260 4107 1285 4164 7)
1304 4105 1416 4160 homine

234 4189 344 4242 Beclcer.
362 4217 399 4228 -
417 4189 444 4260 8)
463 4190 497 4243 L.
517 4189 636 4259 Spenpel,
664 4191 873 4261 proportionem
894 4193 927 4245 F.
954 4223 989 4231 -
1007 4194 1034 4261 9)
1055 4193 1106 4262 [stc
1123 4193 1232 4259 serpsi,
1255 4191 1289 4259 ef.
1312 4191 1415 4246 Stuets-

234 4276 411 4343 recltt1³,321
429 4294 455 4330 n.
469 4281 492 4330 7.
513 4277 560 4332 Ta.
577 4278 625 4350 Μ.)
645 4281 677 4332 ut
690 4278 875 4334 nominantur
894 4278 1063 4336 alibertiuis
1082 4279 1137 4334 orti
1155 4277 1274 4347 publicis
1293 4277 1348 4334 orti
1360 4277 1416 4333 orti

236 4361 323 4415 seruis
343 4363 453 4418 romani
471 4364 519 4432 qui
539 4364 702 4420 manumissi
722 4365 764 4430 F,
790 4369 821 4419 at
839 4352 1022 4421 nominantur
1041 4364 1167 4419 libertini
1185 4363 1240 4419 orti
1259 4383 1276 4418 a
1295 4347 1415 4433 publi'c'i's'

235 4449 322 4502 servis
342 4450 531 4506 Romanenses
550 4450 599 4520 qui
617 4452 781 4529 manumissi
801 4453 924 4507 Mueller.
947 4483 974 4492 -
999 4453 1042 4522 10)
1062 4451 1244 4522 magistratus
1263 4451 1298 4505 F.
