3400 5250
303 386 368 454 212
761 387 859 443 Edicta
877 391 1047 458 praetorum.

389 565 418 628 2.
453 563 503 630 De
526 587 562 630 eo
586 563 671 646 quod
694 567 782 627 66666
810 564 878 628 1666
901 563 970 628 dari
993 563 1146 648 oportet¹.

388 671 417 736 3:
452 669 502 734 De
524 670 661 754 pecunia
695 669 881 734 constituta.
928 669 989 744 Qui
1012 670 1178 753 pecuniam
1202 671 1341 736 debitam
1364 675 1487 739 consti·

299 773 379 840 tuit²
412 776 461 856 (se
482 775 660 838 3666666666
694 795 763 839 6666
785 775 911 839 nomine
932 796 965 839 36
987 777 1225 855 satisfacturum
1249 797 1325 855 6336,
1356 779 1391 840 66
1413 799 1488 843 eune

299 880 451 944 6666666666
473 876 570 942 666668
588 927 695 942 .....
694 881 712 960 )

385 990 414 1050 4.
451 983 652 1050 0666666666
674 985 729 1048 vel
749 986 892 1050 oontm‘.
927 984 1017 1060 Quod
1033 986 1105 1069 quis
1121 987 1334 1050 commodasse
1351 987 1486 1067 6666666,

236 1118 238 1122 ·
296 1091 334 1154 de
357 1112 393 1154 6ο
414 1089 567 1153 iudicium
593 1089 703 1153 dabo⁶.

316 1219 318 1226 ¹
384 1197 412 1258 5.
451 1194 500 1258 De
523 1195 736 1278 pigneratioia
762 1197 885 1260 actione
908 1196 958 1260 vel
981 1197 1119 1261 6666661.

381 1301 410 1364 6.
445 1299 492 1364 1)6
515 1300 856 1384 compensationibus⁷.

187 1401 292 1484 66666
380 1403 484 1469 XVII.
522 1405 633 1486 Quod
660 1427 746 1470 eum
768 1407 972 1490 moptsteo
995 1408 1127 1485 66663,
1160 1407 1360 1470 institere
1392 1427 1482 1472 eooe

293 1511 362 1591 666
384 1511 426 1574 66
448 1510 588 1574 666666
606 1515 808 1591 potestate
830 1516 899 1589 est,
930 1511 1296 1592 nepotiane-pestem
1320 1531 1399 1575 6336
1421 1512 1477 1576 66-

293 1621 416 1680 66666.
466 1615 493 1676 1.
524 1613 574 1678 Ι)6
600 1613 788 1678 exeroitoria
816 1614 965 1680 aetione⁸.
1011 1615 1101 1696 Quod
1122 1635 1192 1680 oum
1212 1616 1362 1698 6666663666
1387 1618 1483 1680 66663

293 1727 415 1804 pestem
437 1722 495 1785 6666
522 1721 589 1784 eius
611 1721 658 1783 666
680 1721 819 1799 nomine,
852 1721 901 1782 666
923 1721 969 1784 666
987 1721 1191 1800 praepositus
1211 1718 1316 1797 fuerit,
1341 1721 1375 1783 66
1398 1743 1476 1801 eum,
1513 1797 1515 1802 λ

295 1828 350 1908 666
381 1847 450 1890 eone
477 1845 587 1889 666666
619 1825 801 1902 exercuero,
835 1824 987 1888 6666666666
1010 1824 1118 1888 dotet
1165 1822 1199 1888 si
1222 1823 1259 1902 63,
1284 1825 1339 1909 666
1362 1847 1477 1890 navem

296 1931 481 2009 exercuerit,
506 1930 540 1993 in
564 1929 668 1992 aliena
691 1932 851 2012 potestate
874 1933 936 1992 erit
958 1928 1089 2013 eiusque
1111 1929 1277 1993 voluntate
1291 1951 1405 1994 navem
1421 1953 1480 1994 ex·

294 2035 440 2114 ereuerit‚
465 2035 549 2120 quod
572 2057 643 2098 eum
667 2033 823 2118 magistro
847 2033 914 2098 eius
937 2037 1062 2118 gestum
1089 2035 1160 2111 erit,
1184 2034 1216 2096 in
1239 2057 1320 2112 eum,
1336 2034 1369 2098 in
1386 2037 1480 2100 auius-

292 2143 452 2222 potestate
475 2141 502 2204 63
525 2140 587 2204 6666
609 2138 665 2223 666
688 2160 803 2203 navem
827 2139 1012 2212 exercuerit,
1037 2139 1189 2203 iudicium
1213 2139 1361 2221 (doto)²⁰.

344 2301 345 2307 ,
383 2247 412 2308 2.
447 2243 496 2309 De
518 2243 681 2308 institoria
705 2243 883 2307 aetione¹¹.·

380 2350 410 2414 3.
446 2350 493 2414 De
516 2349 690 2413 tributoria
714 2346 877 2412 actione¹².
1491 2425 1493 2431 .

380 2459 410 2520 4.
445 2455 535 2532 Quod
567 2477 638 2519 eum
671 2476 721 2531 66,
758 2453 813 2536 666
843 2455 877 2516 66
901 2453 1005 2546 aliena
1033 2457 1193 2536 potestate
1215 2455 1277 2531 636,
1308 2455 1477 2539 negotium

290 2567 417 2647 gestum
448 2582 515 2624 esse
547 2560 705 2624 dicetur¹⁸.
753 2581 780 2624 6.
814 2557 879 2640 (De
896 2558 1035 2639 peoute‘o,
1063 2557 1100 2622 de
1125 2559 1157 2620 66
1180 2579 1247 2622 rene
1269 2580 1367 2638 66636,
1391 2559 1479 2642 quod

289 2663 429 2749 66336)“.
476 2665 566 2740 Quod
595 2686 667 2728 oum
696 2685 747 2742 6ο,
783 2663 895 2746 quiin
919 2661 1051 2726 alterius
1076 2665 1235 2744 potestate
1258 2669 1348 2745 esset,
1373 2687 1476 2750 nego-

287 2774 518 2856 tiumgestum
541 2768 638 2846 erit²⁵‚
664 2816 773 2834 .....

376 2877 407 2940 b.
442 2874 519 2940 Post
540 2879 677 2940 mortem
703 2873 769 2937 eius
794 2871 906 2956 quiin
931 2871 1064 2935 alterius
1082 2875 1248 2954 potestate
1264 2870 1372 2950 fuerit,
1396 2895 1475 2957 pos·

286 2986 377 3045 66666
400 3002 496 3065 quam
518 2981 546 3043 is
569 2978 789 3062 emancipatus
806 2976 1023 3065 manumissus
1039 2974 1238 3039 alienatusve
1253 2975 1362 3054 fuerit,
1380 2977 1470 3040 dum-

286 3089 377 3150 taxat
407 3085 445 3150 de
467 3084 592 3168 peculio
619 3085 700 3148 etsi
724 3082 800 3167 quid
837 3082 909 3146 dolo
933 3081 1018 3146 malo
1041 3082 1118 3160 6663,
1141 3082 1176 3144 66
1198 3081 1287 3146 66663
1311 3087 1475 3165 potestate·

278 3193 419 3274 suerum,
443 3191 565 3255 fastum
589 3189 660 3268 6666,
685 3209 749 3273 666
773 3187 877 3252 minus
900 3186 1017 3271 peculii
1040 3189 1132 3264 63366,
1155 3186 1189 3249 66
1205 3207 1299 3264 6666,
1323 3209 1386 3270 666
1402 3188 1472 3271 pri·

286 3319 373 3359 mum
397 3297 434 3360 de
458 3317 551 3360 6666
575 3291 763 3378 experiundi
785 3294 926 3375 potestas
950 3290 1021 3368 erit,
1044 3289 1197 3353 iudicium
1222 3288 1339 3353 dabo¹⁷.

372 3422 397 3464 6.
428 3399 467 3464 16
490 3423 562 3466 eum
585 3400 640 3484 qui
665 3397 882 3480 emancipatus
906 3399 962 3459 aut
978 3393 1187 3459 exheredatus
1206 3393 1267 3458 erit
1282 3395 1377 3478 quive
1393 3394 1467 3458 abs·

283 3506 382 3570 tinuit
404 3528 438 3570 36
460 3505 638 3569 hereditate
662 3503 740 3581 6663,
766 3501 855 3564 66663
877 3499 911 3563 66
934 3503 1095 3583 potestate
1117 3520 1189 3562 oum
1207 3499 1344 3562 moritur
1359 3499 1472 3578 666666,

283 3611 350 3674 6663
372 3611 418 3673 666
441 3610 583 3686 nomine,
615 3630 696 3691 quae
719 3627 791 3670 oum
817 3626 854 3668 6ο
878 3607 1042 3668 contracta
1065 3604 1139 3681 6666,
1173 3625 1244 3668 oum
1268 3603 1296 3666 is
1317 3604 1350 3667 in
1374 3608 1471 3687 pote·

284 3770 491 3778 ...----.-.

372 3854 399 3920 1)
418 3853 504 3907 16666.
523 3853 560 3906 D.
579 3855 645 3914 1361.
670 3880 703 3890 -
732 3849 759 3919 2)
777 3847 816 3904 D.
836 3850 894 3914 13‚5
911 3847 985 3901 6616.
1004 3852 1029 3900 66
1046 3850 1092 3912 1,1,
1119 3872 1154 3882 -—
1173 3848 1199 3912 3)
1219 3846 1261 3911 Of.
1279 3847 1315 3900 E.
1335 3846 1368 3900 P.
1388 3849 1404 3911 §
1421 3847 1470 3898 97.

282 3943 355 4012 Quae
373 3942 629 4007 661).13,5,16,2.4,·
641 3941 674 3992 18
683 3942 752 4006 pel
769 3937 934 4004 referuntur,
953 3951 984 3989 eo
1002 3950 1056 3988 666
1075 3934 1156 3988 666666
1172 3934 1219 3988 sect
1230 3934 1368 4003 formulae
1384 3932 1464 3985 66666

279 4047 336 4084 6336
354 4031 371 4082 6.
390 4030 408 4084 6.
427 4028 513 4082 66666.
544 4059 574 4068 -
594 4026 623 4096 4)
643 4025 729 4080 16666.
749 4025 790 4078 D.
811 4026 879 4090 13‚6.
899 4053 932 4062 -
952 4025 977 4086 5)
996 4021 1033 4076 D.
1056 4025 1140 4088 13,6,1
1155 4037 1199 4089 pr.
1219 4051 1251 4060 -
1271 4020 1299 4089 6)
1318 4018 1404 4072 Ruta.
1424 4017 1461 4071 D.

281 4115 543 4184 666-611666.
564 4114 602 4168 D.
622 4116 687 4178 16‚2.
725 4111 903 4177 1666661666,
932 4125 986 4178 666
1005 4110 1177 4178 serpentarius
1194 4109 1337 4176 experitur,
1361 4105 1471 4158 66166666·

209 4215 211 4219 ·
279 4205 341 4262 eat.
359 4207 427 4268 634.
448 4233 481 4242 -
501 4203 529 4270 6)
549 4202 635 4256 Reor.
654 4199 693 4254 D.
713 4203 783 4266 666.
801 4228 837 4236 -
855 4197 882 4262 9)
900 4197 938 4251 D.
957 4199 1143 4264 14,1,1,1-1e.
1162 4224 1194 4234 --
1217 4194 1260 4261 16)
1279 4192 1316 4246 D.
1329 4195 1468 4260 666666.

265 4287 313 4332 '—
343 4292 388 4358 11)
407 4291 492 4345 16666.
512 4289 550 4344 D.
569 4293 637 4355 143.
664 4319 699 4326 -
729 4288 772 4356 12)
793 4285 1022 4352 1666616164.
1050 4315 1083 4324 -
1113 4283 1157 4352 13)
1176 4281 1261 4335 Rutu.
1280 4280 1317 4334 D.
1335 4284 1401 4346 14‚5.
1427 4311 1462 4318 -

284 4381 326 4450 14)
348 4379 457 4448 Triplex
477 4379 606 4432 edietum:
632 4377 803 4444 D.15,1,1,1.
831 4405 864 4414 -
886 4375 929 4444 15)
947 4374 984 4428 D.
1004 4377 1120 4441 15,1,1‚2.
1139 4399 1173 4408 -
1194 4368 1238 4436 16)
1256 4367 1408 4447 16661636.
1428 4397 1470 4405 —-

278 4469 322 4535 17)
341 4465 378 4520 D.
397 4469 540 4533 15‚e,1pr.
