3386 5240
673 399 757 469 Leges
776 399 878 469 regiae.
1343 393 1363 456 3

182 582 267 666 quod
298 581 384 664 leges
416 579 483 642 sine
511 577 620 640 ordine
649 575 731 640 latas
754 575 788 637 in
812 595 912 636 unum
936 572 1122 655 composuit.
1172 569 1221 634 ll.
1248 566 1360 648 Pomp.

183 685 267 750 eceb.
293 683 351 762 (D.
365 683 536 762 1‚2‚2‚36):
560 681 636 744 Fuit
661 716 700 728 -
720 680 753 743 in
778 679 890 762 primis
915 678 1038 762 peritus
1055 675 1187 740 Publius
1204 671 1363 756 Papirius,

182 791 239 874 qui
261 789 348 874 leges
372 787 475 873 regias
491 787 523 850 in
541 809 640 850 unum
655 783 800 850 contulit.
850 785 900 848 12.
928 783 1026 847 Dion.
1046 779 1186 863 (3‚36):¹
1213 775 1263 860 (Ὁ
1279 775 1363 858 Μοίρ·

186 898 266 970 κιος)
298 891 498 976 συγκαλέσας
529 893 601 964 τοὺς
631 889 815 972 ἱεροφάντας
840 890 894 951 καί
918 891 973 961 τίις
997 888 1067 969 περὶ
1090 895 1151 949 τῶν
1176 883 1265 965 ἱερῶν
1290 901 1365 964 συγ-

184 999 320 1082 γραφοίς,
344 1000 380 1072 ἃς
404 995 576 1080 Πομπίλιος
598 993 821 1077 συνεστήσατο,
845 991 920 1075 παρ’
943 993 1046 1056 αὐτῶν
1067 990 1172 1076 λαβὼν
1189 985 1365 1070 ἀνέγραψεν

185 1105 230 1178 είς
254 1103 381 1176 δέλτους
412 1103 466 1164 καί
488 1101 672 1186 προῦθηκεν
697 1100 728 1162 ἐν
753 1101 866 1183 ἀγορᾷ,
890 1137 933 1146 -
963 1099 999 1172 ἃς
1023 1095 1232 1178 ἀφανισθῆναι
1255 1089 1366 1176 συνέβη

188 1218 231 1293 τῷ
255 1209 377 1292 χρόνῳ·
409 1247 442 1254 -
467 1208 545 1290 μετὰ
569 1205 603 1268 δὲ
625 1209 681 1288 τὴν
706 1202 842 1289 ἐκβολὴν
869 1213 930 1266 τῶν
954 1199 1106 1287 βασιλέων
1123 1201 1167 1274 είς
1184 1199 1367 1280 ἀναγραφὴν

186 1312 339 1397 δημοσίαν
370 1311 460 1385 αὖθις
488 1311 637 1394 ἤχθησαν
667 1306 718 1370 ὑπ’
747 1307 859 1390 ἀνδρὸς
884 1305 1068 1389 ἱεροφάντου
1092 1303 1189 1366 Γαίου
1213 1299 1368 1383 Παπιρίου

189 1421 245 1500 τὴν
269 1415 414 1478 ἁπάντων
436 1423 498 1477 τῶν
523 1413 612 1495 ἱερῶν
627 1412 796 1496 ἡγεμονίαν
813 1413 950 1494 ἔχοντος.
997 1411 1044 1475 13.
1068 1410 1194 1474 Paulas
1209 1407 1251 1472 ud
1267 1407 1286 1470 l.
1304 1404 1367 1470 Iul.

186 1527 217 1586 et
232 1521 315 1602 Pop.
340 1519 398 1603 (D.
410 1521 611 1602 50‚16‚144).·
635 1517 772 1584 Granius
796 1517 927 1582 Flaccus
953 1517 986 1580 in
1015 1514 1099 1579 libro
1123 1515 1159 1578 de
1182 1513 1250 1576 iure
1273 1507 1369 1594 Papi-

193 1625 283 1689 riano
305 1623 425 1700 scribit,
449 1623 600 1707 paelicem
621 1645 707 1686 nunc
724 1621 819 1707 volgo
835 1621 942 1686 vocari
957 1626 1010 1686 cet.
1061 1621 1111 1684 14.
1135 1617 1276 1682 Macrob.
1294 1618 1369 1696 (sat.

194 1731 333 1811 3‚11,5).·
356 1727 392 1792 In
417 1727 588 1811 Papiriano
612 1762 655 1772 -
678 1727 747 1790 iure
771 1726 932 1791 evidenter
947 1725 1084 1790 relatum
1101 1729 1157 1802 est,
1182 1744 1255 1786 arae
1270 1721 1370 1786 vicem

194 1838 353 1918 praestare
384 1853 475 1916 posse
507 1853 648 1895 mensam
676 1831 824 1896 dicabam.
873 1830 922 1894 15.
947 1829 1076 1894 Servius
1099 1831 1149 1910 (in
1181 1828 1267 1909 Verp.
1291 1827 1370 1891 Aea.

196 1941 340 2021 12‚836):
364 1937 449 2022 quod
465 1938 511 2000 ait
523 1934 718 2022 (Vergilius)
734 1931 863 2002 ‘morem
880 1936 1024 2018 ritusque
1040 1955 1201 1999 sacrorum
1218 1929 1371 2008 adiciam’,

192 2043 263 2127 ipso
285 2044 381 2108 titulo
403 2044 483 2129 legis
506 2042 652 2125 Papiriae
674 2063 750 2106 usus
774 2047 830 2121 est,
856 2064 952 2126 quam
977 2041 1097 2104 sciebat
1120 2041 1157 2103 de
1178 2040 1243 2102 ritu
1266 2058 1372 2102 sacro·

197 2172 266 2212 rum
290 2147 494 2233 publicatam.

650 2356 675 2421 l.
700 2355 917 2422 ROMULUS.

619 2513 958 2581 anueuunlienn.

286 2658 313 2720 1.
338 2655 436 2720 Dion.
460 2653 576 2739 (2,9):q
599 2653 636 2718 ‘O
653 2655 687 2718 δὲ
703 2654 869 2739 Ῥωμύλος
894 2659 1004 2744 ἐπειδὴ
1032 2659 1166 2740 διέκρινε
1188 2659 1260 2729 τοὺς
1276 2654 1375 2737 κρείτ·

197 2781 268 2835 τους
299 2762 360 2823 ἀπὸ
390 2770 451 2825 τῶν
477 2759 628 2844 ηττίνιυν,
661 2761 841 2843 ἐνομοθέτει
870 2767 947 2846 μετὰ
970 2774 1066 2827 τοῦτο
1090 2765 1144 2826 καί
1168 2761 1332 2842 διέταττεν,
1357 2761 1377 2822 ἃ

198 2869 260 2950 χρὴ
290 2867 435 2949 προίττειν
465 2864 651 2948 ἑκατέρουςι
682 2868 755 2940 τοὺς
787 2868 842 2949 μέν
875 2868 1064 2951 εὐπατρίδας
1099 2867 1242 2949 ἱερᾶσθαί
1264 2887 1299 2928 τε
1323 2866 1378 2927 καί

200 2974 305 3055 ἄρχειν
328 2972 381 3032 καί
397 2969 544 3050 δικάζειν,
568 2971 639 3042 τοὺς
664 2969 698 3031 δέ
722 2969 912 3053 δημοτικοὺς
935 3011 978 3019 -
1008 2981 1217 3055 γεωργεῖν-
1233 2971 1287 3032 καί
1303 2991 1377 3053 κτη-

200 3085 359 3159 νοτροφεῖν
375 3077 430 3138 καί
445 3077 500 3148 τὰς
515 3077 768 3158 χρηματοποιοὺς
785 3075 979 3158 ἐργάζεσθαι
995 3075 1117 3160 τέχνας.
1133 3114 1175 3122 -
1193 3095 1378 3157 παρακατα-

201 3180 306 3265 θήκας
322 3180 356 3242 δὲ
373 3179 474 3242 ἔδωκε
490 3187 553 3252 τοῖς
569 3179 743 3260 πατρικίοις
760 3185 831 3256 τοὺς
845 3182 1044 3266 δημοτικούς,
1063 3180 1232 3264 ἐπιτρέψας
1243 3180 1378 3262 ἑκάστῳ,

273 3338 298 3405 l)
315 3334 448 3402 (Marcius
465 3335 624 3390 convocatis
639 3336 820 3404 pontificibus
832 3353 975 3390 sacrorum
990 3336 1210 3398 commentarios,
1223 3352 1292 3404 quos
1302 3334 1380 3388 Pom·

203 3423 285 3491 pilius
309 3424 516 3492 composuerat,
546 3421 676 3492 abipsis
703 3426 830 3493 acceptos
857 3423 963 3478 tabulis
990 3423 1132 3492 inscripsit
1155 3440 1256 3492 easque
1273 3420 1302 3474 in
1321 3421 1381 3476 foro

202 3509 355 3578 proposuit,
372 3526 444 3577 quae
463 3511 605 3564 vetustate
623 3509 740 3564 tandem
759 3510 929 3579 absumptae
948 3513 1027 3572 sunt;
1048 3512 1164 3579 -post
1184 3510 1297 3564 exactos
1316 3524 1381 3562 vero

203 3612 280 3665 reges
298 3596 401 3650 iterum
419 3597 529 3664 publice
546 3597 576 3650 in
596 3597 707 3650 litteras
726 3598 833 3651 relatae
852 3602 920 3651 sunt
939 3614 988 3666 per
1009 3597 1110 3651 Gaium
1127 3595 1271 3666 Papirium
1289 3594 1377 3664 ponti·

202 3683 279 3738 ficem
297 3683 471 3752 maximum.)
502 3683 543 3752 Of.
564 3683 625 3738 nie.
644 3687 745 3748 1‚32‚2:
772 3687 872 3738 Ancus
893 3715 929 3726 -
949 3703 1029 3740 saera
1046 3685 1160 3754 publica
1183 3687 1215 3738 ut
1234 3685 1270 3738 ab
1289 3683 1383 3738 Numa

202 3771 335 3826 instituta
352 3773 442 3834 erant,
461 3787 494 3824 ex
512 3771 720 3826 commentariis
740 3771 825 3842 regiis
853 3773 1012 3842 pontificem
1027 3773 1057 3827 in
1071 3773 1165 3826 album
1180 3772 1273 3826 relata
1285 3789 1384 3841 propo·

205 3874 268 3912 nere
291 3856 322 3911 in
346 3857 457 3927 publico
480 3858 567 3912 iubet.
603 3857 687 3913 Dion.
706 3861 761 3923 5,1.·
793 3867 896 3926 πρῶτος
916 3865 993 3927 ιερῶν
1014 3862 1135 3926 βασιλεὺς
1153 3860 1212 3930 (rex
1231 3861 1383 3927 sacrorum)

204 3947 300 4010 Μάνιος
318 3949 452 4013 Παπίριος.
470 3977 504 3985 -
522 3945 550 4017 2)
569 3944 714 4014 (Βοττιαίαν
733 3950 882 4016 postquam
905 3949 1025 4016 potiores
1046 3947 1083 4000 ab
1099 3947 1278 4004 inferioribus
1299 3962 1383 4000 secre-

207 4032 255 4095 vit,
275 4051 340 4088 mox
361 4033 437 4102 leges
456 4033 524 4086 tulit
542 4035 578 4097 et,
598 4033 665 4101 quid
685 4033 808 4102 utrisque
828 4031 990 4088 faciendum
1008 4038 1079 4089 asset
1105 4033 1254 4102 disposuit:
1273 4033 1385 4104 patricii

207 4120 366 4176 sacerdotiis
383 4125 413 4174 et
431 4120 645 4189 magistratibus
666 4121 851 4189 fungerentur
870 4125 899 4175 et
917 4121 1085 4186 iudicarent,
1103 4121 1206 4191 plebeii
1224 4138 1289 4176 vero
1303 4137 1385 4189 agros

207 4205 328 4260 colerent
345 4209 375 4262 et
391 4223 475 4276 pecus
493 4208 602 4264 alerent
621 4212 650 4262 et
671 4210 874 4264 mercennarias
893 4212 968 4264 artes
1001 4213 1168 4264 exercerent.
1204 4210 1237 4263 ln
1256 4209 1385 4262 fiduciam

209 4307 272 4348 vero
290 4293 414 4362 patriciis
432 4293 552 4347 tradidit
565 4293 695 4363 plebeios,
714 4294 882 4364 permittens
898 4295 1049 4364 unicuique
1061 4313 1144 4364 quem
1160 4297 1219 4366 ipse
1232 4295 1286 4349 sibi
1301 4296 1385 4349 vellet

209 4377 310 4448 eligere
327 4383 487 4448 patronum,
506 4384 690 4448 patronatum
704 4382 852 4452 appellans
866 4383 917 4439 hoc
929 4384 1143 4453 patrocinium.)
1166 4384 1207 4454 Of.
1222 4384 1275 4440 Cic.
1289 4384 1321 4436 de
1331 4399 1385 4450 rep.

211 4468 311 4533 2,9,16.·
340 4467 473 4523 Romulus
491 4495 524 4508 -
544 4468 643 4523 habuit
667 4470 777 4539 plebem
803 4469 833 4524 in
853 4470 1004 4525 clientelas
1032 4471 1189 4542 principum
1210 4469 1386 4538 descriptam.

1100 4556 1102 4561 .
1143 4556 1180 4610 l*
