3400 5254
778 337 885 392 Festus.
1383 341 1424 406 47

244 520 276 579 et
299 515 451 598 privatae,
475 515 590 597 quibus
613 515 771 578 neminem
787 513 836 577 uti
860 515 926 598 [ius
942 514 1012 598 cst],
1036 520 1163 598 praeter
1180 537 1315 598 quorum
1331 521 1424 592 sunt3

245 626 277 684 et
305 621 352 685 ita
379 621 523 704 privatae
546 617 625 684 VIII
648 620 741 702 pedes
772 620 805 682 in
829 619 1000 683 latitudine
1023 618 1170 706 [hubent]
1193 620 1262 684 iure
1285 625 1316 685 et
1342 620 1424 705 lege,

245 725 400 808 publicae,
434 729 590 808 quantum
620 724 702 788 ratio
733 724 884 788 utilitatis
915 724 1084 807 permittit.
1137 723 1340 812 [Praeterea]
1373 727 1423 790 lex

244 830 332 895 iubet
354 830 487 895 sedecim
512 827 558 916 [in
582 828 727 906 crrfrccto
748 828 911 912 tlelxuque
936 829 1030 911 pedes
1056 826 1170 914 [lutus]
1195 830 1363 907 asserius,
1388 836 1424 894 ut

246 933 412 1020 [udlctutt]
437 933 515 998 ‘vias
538 935 715 998 muniunto*
739 939 807 999 cett.
856 934 893 998 L.
917 939 990 997 371.
1031 933 1096 999 Mo.
1124 938 1174 1000 78.
1190 939 1242 999 85.

246 1039 468 1104 Viatores¹
495 1039 706 1123 appellantur,
730 1040 786 1122 qui
812 1039 1055 1122 magistratibus
1080 1045 1246 1122 apparent,
1271 1062 1307 1104 eo
1331 1038 1425 1124 quia²

245 1145 353 1210 initio³
377 1145 519 1209 omnium
542 1145 685 1209 tribuum
709 1165 780 1206 cum
800 1143 889 1226 agri4
912 1143 947 1206 in
963 1145 1145 1228 propinquo
1162 1150 1254 1208 erant
1270 1144 1358 1208 urbis
1375 1149 1424 1208 at·

246 1271 307 1334 que
330 1249 460 1314 adsidue
483 1249 627 1314 homines
651 1248 909 1326 rusticabantur,
944 1249 1084 1312 crebrior
1107 1271 1202 1332 opera
1225 1271 1334 1314 eorum
1357 1254 1426 1313 erat

246 1355 279 1417 in
302 1355 354 1418 via
379 1377 475 1438 quam
499 1355 587 1432 urbe',
612 1355 696 1438 quod
721 1355 869 1439 onagris
893 1353 1079 1438 plerumque
1101 1355 1246 1420 homines
1267 1355 1425 1419 vocaban-

246 1459 315 1522 turb
340 1483 358 1523 a
382 1460 637 1544 magistratibus
689 1461 724 1524 L.
749 1465 822 1524 371.
870 1461 938 1524 Mo.
963 1464 1015 1523 78.

247 1565 375 1648 [Vter]
401 1615 589 1632 ........
608 1563 747 1648 cipiunt6
771 1585 809 1628 ex
825 1566 923 1649 agris,
948 1564 1004 1648 qui
1027 1564 1073 1628 ibi
1097 1564 1190 1628 villas
1213 1585 1278 1628 non
1294 1565 1423 1644 habent,

246 1675 283 1733 ut
306 1669 405 1734 Marsi
428 1674 485 1733 aut
508 1669 665 1754 Paeligni.
713 1669 773 1734 Sed
797 1693 835 1734 ex
858 1669 952 1734 vicis⁷
976 1669 1095 1754 partim
1119 1669 1241 1734 habent
1264 1691 1329 1734 rem
1352 1671 1425 1756 p(u-
1495 1681 1497 1685 ’

247 1773 376 1858 blicam)
406 1779 439 1838 et
461 1775 510 1838 iur
533 1776 659 1860 dicitur,
692 1775 827 1859 partim⁸
851 1775 933 1838 nihil
956 1797 1065 1840 eorum
1089 1778 1250 1839 ettamen
1273 1775 1319 1838 ibi
1342 1797 1425 1838 nun·

248 1880 340 1943 dinae
364 1880 521 1961 agunturl
545 1881 667 1964 negotii
691 1881 822 1965 gerendi
846 1903 951 1959 causa,
975 1886 1007 1944 et
1022 1881 1170 1965 magistri
1189 1882 1248 1945 vici
1265 1881 1341 1945 item
1357 1904 1425 1946 rna-

247 1985 342 2069 gistri
374 1986 489 2069 pagi¹⁰
518 1987 689 2069 quotannis
712 1987 804 2051 fiunt.
850 1987 1017 2062 Altero¹¹,
1041 2008 1113 2049 cum
1136 1986 1168 2049 id
1192 2007 1293 2070 genus
1318 1987 1425 2050 aedifi·

246 2091 367 2154 ciorum
384 2089 588 2167 definitur12,
613 2113 694 2174 quae
710 2093 908 2156 continentia
924 2096 1000 2155 sunt
1015 2091 1066 2154 his
1083 2092 1216 2174 oppidis,
1234 2113 1335 2174 quae.
1351 2095 1421 2154 ..¹³

246 2194 414 2259 itineribus
437 2195 687 2280 regionibusque
710 2197 882 2260 distributa
904 2197 937 2260 in
955 2217 989 2260 er
1012 2217 1045 2260 se
1069 2196 1201 2274 distant,
1226 2195 1425 2260 nominihus·

247 2323 308 2384 que
330 2301 536 2364 dissimilibus
560 2301 750 2365 discriminis
774 2323 869 2365 causa
894 2305 970 2366 sunt
986 2301 1164 2385 dispartita.
1211 2300 1330 2378 Tertic,
1354 2321 1426 2364 cum

247 2407 278 2470 id
302 2427 402 2490 genus
426 2405 639 2470 aedificiorum
664 2407 824 2484 definitur,
850 2429 930 2490 quae
953 2407 987 2469 in
1004 2405 1120 2490 oppido
1143 2397 1242 2490 priis,
1266 2407 1298 2469 id
1323 2407 1426 2472 estin

246 2515 344 2576 ειιο14
371 2511 503 2596 quisque
525 2511 594 2576 loco
619 2513 748 2596 proprio
774 2511 821 2575 ita
844 2511 1001 2591 aedificat,
1026 2515 1062 2576 ut
1086 2512 1120 2576 in
1144 2533 1179 2576 eo
1197 2511 1337 2576 aedificio
1353 2533 1426 2594 per-

248 2617 334 2680 vium
358 2617 409 2693 sit,
434 2638 497 2700 quo
521 2618 634 2682 itinere
656 2617 856 2682 habitatores
880 2617 920 2681 ad
936 2639 1024 2682 suam
1044 2618 1177 2703 quisque
1192 2618 1425 2682 habitationem

247 2721 409 2786 habeat¹5
437 2725 657 2796 accessum¹⁶;
685 2723 740 2806 qui
764 2744 828 2788 non
853 2723 1002 2788 dicantur
1026 2723 1149 2788 ‘vicani’
1164 2727 1212 2802 1⁷,
1237 2723 1320 2788 sicut
1342 2721 1424 2798 ii18,

247 2827 301 2909 qui
324 2827 435 2890 autin
459 2827 567 2910 oppidi
591 2827 668 2890 vicis
683 2833 691 2870 ¹
705 2831 734 2906 ⁹,
767 2833 823 2892 aut
845 2828 889 2907 hi,
918 2830 973 2913 qui
996 2830 1030 2893 in
1055 2829 1142 2913 agris
1165 2833 1250 2907 sunt,
1278 2827 1421 2892 vicani²⁰

247 2930 457 3014 appellantur.
504 2932 541 2994 L.
565 2937 638 2996 371.
687 2933 753 2996 Mo.
780 2939 833 2997 77.

247 3188 338 3242 mittit
356 3190 401 3244 lex
418 3188 497 3244 iubet
514 3189 632 3244 sedecim
651 3189 866 3260 quindecimque
884 3192 967 3260 pedes
985 3209 1043 3248 esse
1064 3193 1124 3247 viss
1146 3194 1194 3260 qui
1213 3191 1274 3246 vias
1293 3189 1426 3244 muniunt

246 3275 374 3331 onisandi
394 3277 504 3345 lapidas
522 3294 579 3345 qua
598 3277 674 3332 volet
692 3277 722 3330 in
741 3281 836 3334 manto
850 3280 936 3348 agito.
974 3280 1103 3336 Restituit
1118 3281 1189 3348 Mo,¹
1206 3297 1229 3336 c.
1244 3287 1304 3334 tom.
1317 3280 1338 3332 I
1342 3296 1372 3346 p.
1389 3281 1427 3332 27

246 3365 300 3418 tub.
325 3364 388 3431 VII,
400 3367 423 3418 7.
463 3364 503 3433 Os.
522 3364 560 3420 D.
578 3368 657 3432 e‚3,8.
700 3365 780 3418 Varr.
799 3367 816 3419 t.
835 3367 853 3420 1.
873 3371 941 3431 7,15.

331 3451 357 3519 1)
375 3453 520 3506 articulum
538 3469 588 3506 om.
609 3453 643 3507 R.
663 3483 697 3492 -
716 3453 743 3522 2)
763 3471 819 3522 qua
839 3458 872 3509 A.
892 3487 924 3495 -
945 3457 971 3526 3)
990 3455 1104 3510 initium
1122 3456 1151 3510 S.
1173 3486 1202 3494 -
1224 3458 1252 3524 1)
1271 3472 1337 3510 cum
1352 3450 1426 3525 agri]

246 3537 276 3589 in
295 3537 371 3606 agris
390 3537 418 3592 S.
443 3569 475 3578 -
501 3539 526 3608 5)
546 3539 738 3594 enecabantur
758 3539 787 3595 S.
813 3572 836 3580 -
861 3542 889 3611 6)
1015 3543 1125 3612 cipiunt
1143 3545 1177 3607 A,
1199 3542 1338 3613 appellari
1357 3541 1426 3596 inci-

247 3623 329 3692 piunt
348 3626 389 3690 (tn
406 3627 525 3694 marpinc
542 3625 652 3680 additur
670 3627 733 3692 vici)
752 3628 787 3697 Q,
814 3635 896 3683 totam
912 3631 949 3700 91.
970 3647 1020 3684 om.
1040 3631 1105 3687 RS.
1136 3663 1171 3670 -
1190 3635 1216 3700 7)
1240 3631 1322 3686 victis
1341 3633 1371 3702 Q.
1390 3661 1424 3672 -

247 3711 274 3779 8)
293 3713 403 3780 partem
422 3713 450 3782 Q.
471 3743 504 3754 -
523 3714 549 3778 9)
567 3713 708 3769 habentur
721 3715 751 3784 Q.
771 3747 807 3756 -
826 3717 868 3786 10)
888 3717 956 3788 pagi
968 3719 1001 3781 A,
1022 3719 1086 3788 paci
1105 3720 1135 3790 Q.
1157 3751 1191 3760 -κ
1211 3720 1255 3789 11)
1274 3721 1382 3776 alterae
1394 3719 1422 3790 Q.

246 3827 281 3838 —-
301 3799 343 3867 12)
362 3798 468 3854 aedifici
487 3840 493 3854 .
509 3841 514 3853 .
528 3839 553 3854 ..
571 3801 649 3855 nitur
666 3819 739 3872 quac
757 3805 798 3869 A,
828 3805 949 3860 aedificii
967 3822 1040 3875 quae
1059 3807 1089 3877 Q.
1110 3839 1144 3848 —
1165 3809 1207 3880 13)
1231 3809 1373 3864 Lacunam
1391 3811 1426 3862 si·

244 3893 311 3955 pact
330 3887 365 3947 A.
393 3915 421 3923 ·-
447 3889 491 3956 14)
510 3888 583 3957 privi
602 3907 650 3946 suo
670 3891 706 3960 Q,
736 3891 816 3960 prive
834 3893 865 3947 in
883 3911 932 3949 suo
951 3896 986 3950 A.
1006 3924 1039 3934 -
1062 3897 1106 3964 15)
1126 3897 1251 3951 habeant
1268 3899 1304 3952 A.
1325 3927 1359 3939 -
1379 3896 1425 3964 16)

250 3973 367 4028 Tertiam
394 3975 442 4028 hoc
468 3977 586 4030 cicorum
610 3995 694 4046 penus
720 3996 776 4034 ano
799 3981 848 4035 boc
871 3983 927 4036 loco
949 3989 1042 4037 notum
1060 4000 1113 4038 esse
1134 3984 1275 4038 videbatur
1294 3984 1427 4038 Muellerc

243 4079 271 4130 p.
290 4065 353 4130 4135
372 4062 492 4129 fortasse
509 4070 598 4117 autem
615 4066 645 4118 r'd
661 4068 748 4134 ipsum
765 4069 933 4137 sipuificatar
951 4072 982 4124 tn
1001 4070 1038 4123 D.
1057 4075 1173 4138 3,2,2,5,·
1198 4088 1354 4126 scaena-
1374 4088 1426 4140 po·

247 4149 302 4203 sita
320 4180 353 4189 -
372 4148 402 4203 in
424 4150 536 4219 publico
560 4151 709 4220 privatave
738 4155 783 4209 val
806 4156 837 4208 in
861 4157 935 4221 vico,
962 4175 1017 4227 quo
1045 4162 1142 4212 tamen
1167 4159 1226 4213 loco
1253 4159 1357 4228 passim
1376 4160 1425 4214 ho·

247 4235 334 4291 mines
362 4237 514 4308 spectaculi
541 4255 624 4293 causa
652 4238 854 4308 admittantur,
884 4246 946 4298 item
973 4245 1011 4298 D.
1032 4249 1163 4312 21,1,4,1.·
1194 4244 1244 4314 qui
1273 4263 1323 4315 per
1350 4247 1425 4303 vicos

247 4341 323 4462 prore
341 4325 502 4381 insanorum
521 4325 674 4382 deridenda
694 4328 855 4398 loquantur.
882 4359 915 4370 -—
942 4332 984 4400 11)
1005 4332 1102 4386 vicarii
1123 4331 1153 4402 Q.
1173 4363 1206 4372 —
1226 4333 1271 4395 18)
1291 4334 1317 4387 hi
1339 4334 1370 4404 Q.
1393 4367 1426 4374 —

265 4412 292 4478 9)
311 4413 370 4465 vias
391 4413 419 4482 Q.
