3386 5240
671 357 757 426 Leges
775 355 877 426 regiae.
1339 361 1377 424 11

289 538 339 601 14.
380 537 554 602 Marcellus
570 539 590 603 l.
602 542 649 602 28
664 538 851 620 clipeatorum
867 537 924 619 (D.
935 540 1069 620 11‚e,2):
1092 537 1201 622 Negat
1216 538 1266 602 lex
1282 539 1380 624 regia,

205 641 377 721 mulierem,
403 664 484 726 quae
509 664 666 729 praegnas
689 645 817 706 mortua
840 642 892 715 sit,
916 641 1053 721 humari,
1076 647 1245 727 antequam
1269 648 1381 728 partus

207 747 235 810 ei
257 747 436 823 excidatur3
472 748 526 832 qui
558 747 817 826 contrafecerit,
850 769 937 832 spem
961 749 1132 814 animantis
1155 771 1226 814 cum
1249 749 1382 834 gravida

202 852 368 936 peremisse
391 853 531 918 videtur:
585 901 587 906 ,

297 957 346 1022 15.
384 957 468 1023 Fest.
493 959 546 1039 (P.
573 963 625 1045 6):
660 959 773 1024 Aliuta
802 961 927 1046 antiqui
955 962 1102 1026 dicebant
1124 984 1182 1046 pro
1206 963 1298 1026 aliter
1322 988 1380 1041 -;

205 1063 280 1127 hinc
312 1067 361 1127 est
390 1063 469 1128 illud
500 1065 534 1128 in
565 1065 691 1150 legibus
721 1064 845 1130 Numae
875 1065 1032 1151 Pompilii
1062 1091 1088 1130 sr
1111 1089 1255 1141 cursuum
1278 1091 1382 1133 aarum

203 1191 299 1247 suxis,
323 1191 399 1234 rasos
422 1192 479 1233 ιονι
502 1193 589 1234 secun
611 1193 689 1234 nsuo.

294 1274 342 1337 16.
366 1273 465 1338 Dion.
483 1274 630 1358 (2,74)ιΙ
655 1275 675 1358 ἡ
699 1275 770 1358 περί
794 1277 866 1348 τοὺς
887 1274 1033 1357 ὁρισμοὺς
1056 1283 1119 1335 τῶν
1134 1274 1276 1359 κτήσεων
1292 1297 1383 1360 νομο-

203 1377 310 1442 θεσία
343 1377 497 1453 κελεύσας
522 1417 565 1426 -
592 1379 718 1463 ἑκάστῳ
746 1379 937 1462 περιγράψαι
969 1381 1024 1462 τὴν
1054 1377 1166 1442 ἑαυτοῦ
1199 1391 1307 1465 κτῆσιν
1328 1383 1383 1444 καί

205 1493 315 1566 στῆσαι
351 1481 460 1557 λίθους
493 1483 542 1546 ἐπί
571 1494 634 1558 τοῖς
666 1486 764 1567 δροις,
798 1483 899 1567 ἱεροὺς
923 1481 1083 1558 ἀπέδειξεν
1099 1483 1193 1566 ’δρίου
1216 1483 1288 1559 Διὸς
1311 1489 1383 1561 τοὺς

205 1588 324 1662 λίθους.
346 1627 388 1636 -
412 1589 439 1651 εἰ
466 1588 500 1651 δέ
524 1610 569 1664 τις
593 1589 768 1672 ἀφανίσειεν
791 1590 812 1672 ἢ
838 1587 990 1672 μεταθείῃ
1007 1591 1079 1660 τοὺς
1095 1589 1196 1669 ὅρους,
1221 1587 1301 1672 ἱερὸν
1318 1590 1383 1653 ένο-

205 1691 379 1775 μοθέτησεν
402 1695 478 1756 εἶναι
501 1703 555 1757 τοῦ
579 1695 657 1758 θεοῦ
681 1696 733 1756 τδν
756 1694 873 1756 τούτων
896 1715 923 1756 τι
947 1692 1224 1776 διαπραξάμενον.Β

296 1801 346 1865 17.
370 1799 563 1864 Plutarchus
587 1797 821 1880 (Numo17):³
845 1795 916 1862 Τῶν
940 1797 975 1861 δὲ
999 1797 1103 1860 ἄλλων
1127 1799 1222 1860 αὐτοῦ
1239 1797 1382 1862 πολιτευ-

210 1907 314 1988 μάτων
330 1903 350 1988 ἡ
367 1907 450 1966 κατὰ
466 1903 578 1987 τέχνας
595 1906 725 1989 διανομὴ
742 1913 796 1967 τοῦ
814 1903 959 1989 πλήθους
977 1904 1111 1987 μάλιστα
1123 1904 1329 1988 θαυμάζεται.
1341 1944 1382 1954 -

206 2009 264 2072 Ἦν
288 2009 322 2072 δὲ
346 2009 367 2092 ἡ
392 2009 522 2094 διανομὴ
544 2013 627 2072 κατὰ
655 2013 711 2083 τὰς
735 2008 846 2093 τέχνας
871 2009 1031 2094 αὐλητῶν,
1053 2009 1251 2092 χρυσοχόων,
1274 2009 1383 2073 τεκτά-

208 2137 277 2196 νων,
311 2113 446 2201 βαφέων,
471 2113 681 2197 σκυτοτόμων,
705 2113 918 2196 σκυτοδεψιῖιν,
942 2113 1099 2197 χαλκέων,
1123 2113 1297 2197 κεραμέων.
1329 2118 1384 2190 τὰς

206 2221 239 2284 δὲ
268 2220 379 2293 λοιπὰς
405 2217 517 2302 τέχνας
539 2219 581 2293 είς
604 2221 698 2282 ταύτὸ
723 2219 909 2300 συναγαγὼν
934 2219 965 2281 ἓν
989 2220 1091 2281 αὐτῶν
1114 2219 1152 2280 ἐκ
1176 2229 1284 2282 πασῶν
1308 2219 1383 2282 άπέ-

206 2325 286 2403 δειξε
314 2325 472 2407 σύστημα·
505 2324 667 2398 κοινωνίας
696 2324 730 2386 δὲ
753 2323 807 2386 καί
831 2321 980 2396 συνόδους
1007 2325 1061 2385 κοιί
1088 2323 1173 2386 θεῶν
1195 2327 1284 2407 τιμὰς
1307 2325 1383 2387 ἀπο-

206 2430 277 2504 δοὺς
298 2429 422 2512 ἑκάστῳ
445 2426 527 2512 γένει
548 2429 727 2512 πρεπούσας
752 2427 821 2491 κτλ.
1060 2434 1062 2437 ’

298 2535 347 2599 18.
380 2535 565 2599 Macrobius
588 2535 659 2616 (sot.
683 2535 786 2618 1,13):
819 2532 927 2598 Numa
951 2533 1047 2615 (anno
1071 2532 1239 2619 Βοιιιιιίί)4
1271 2534 1385 2601 Ldies

208 2640 344 2719 addidit,
378 2640 470 2703 utin
494 2637 662 2704 cocnlssl
685 2639 766 2718 dies,
797 2638 914 2723 quibus
936 2637 999 2702 XII
1023 2639 1117 2704 lunae
1139 2662 1249 2705 cursus
1272 2641 1384 2707 confici
1477 2644 1478 2649 ’

208 2744 349 2822 credidit,
381 2767 482 2808 annus
510 2745 748 2820 extenderetur;
781 2749 876 2828 atque
909 2744 959 2808 his
982 2744 1006 2808 L
1030 2768 1049 2808 a
1072 2769 1104 2810 se
1127 2747 1243 2812 additis
1271 2748 1386 2812 adiecit

208 2851 285 2914 alios
309 2847 370 2928 VI,
402 2853 556 2913 retractos
579 2848 644 2912 illis
668 2847 714 2913 VI
737 2849 898 2914 mensibus
929 2850 984 2933 qui
1006 2849 1099 2913 XXX
1122 2851 1284 2917 habebant
1307 2853 1383 2932 dice,

209 2995 249 3005 -
272 2955 439 3038 factosque
462 2954 535 3018 LVI
558 2943 680 3019 diesin
704 2955 783 3019 diros
806 2977 904 3019 novos
927 2977 1049 3020 menses
1073 2956 1142 3038 pari
1157 2958 1280 3022 ratione
1303 2958 1384 3022 divi·

209 3063 263 3126 sit:
288 3083 386 3126 ac-
413 3060 550 3143 priorem
575 3059 759 3124 Ianuarium
783 3061 980 3143 nuncupavit
1003 3061 1204 3146 primumque
1227 3063 1303 3126 anni
1320 3086 1386 3129 esse

209 3165 319 3241 voluit,
343 3201 385 3212 ——
410 3165 581 3228 secundum
612 3165 730 3228 dicavit
754 3165 878 3230 Februo
903 3165 969 3229 deo.
995 3203 1035 3212 —-
1061 3164 1160 3230 Paulo
1182 3171 1256 3249 post
1278 3165 1386 3231 Numa

210 3271 241 3334 in
265 3271 418 3334 honorem
448 3269 569 3353 inparis
599 3269 746 3334 numeri⁶
768 3308 811 3316 -
833 3293 932 3334 unum
956 3271 1071 3334 adiecit
1094 3271 1187 3348 diem,
1217 3293 1309 3354 quem
1333 3269 1384 3334 Ia·

280 3480 308 3548 1)
327 3479 372 3546 (de
390 3479 518 3534 terminis
537 3495 670 3548 agrorum
689 3478 845 3547 legislatio:
870 3477 968 3532 iubens
988 3494 1215 3548 unumquemque
1234 3477 1386 3533 terminare

210 3585 308 3638 agrum
329 3585 410 3620 suum
430 3569 459 3621 et
477 3566 585 3637 lapides
603 3567 632 3620 in
651 3566 753 3620 finibus
772 3582 883 3634 ponere,
902 3583 947 3621 eos
969 3565 1027 3622 lovi
1047 3567 1179 3621 Termino
1198 3565 1334 3621 sacravit:
1362 3566 1385 3619 si

207 3655 268 3724 quis
289 3671 354 3710 vero
367 3654 499 3710 terminos
512 3654 671 3709 sustulisset
684 3654 729 3708 vel
741 3653 940 3716 transtulisset,
955 3653 1006 3710 deo
1016 3671 1125 3709 sacrum
1138 3671 1196 3709 esse
1208 3654 1255 3722 qui
1267 3653 1386 3717 fecisset,

207 3742 326 3809 sanxit.)
345 3771 378 3782 -
399 3742 425 3810 2)
444 3742 517 3798 Fest.
537 3743 581 3810 (P.
594 3743 658 3812 366)
679 3740 808 3796 Termino
827 3756 907 3795 saera
926 3740 1069 3796 faciebant
1087 3742 1160 3811 quod
1179 3741 1209 3795 in
1225 3741 1282 3796 eius
1295 3742 1387 3795 tutela

208 3829 278 3882 fines
296 3845 430 3898 agrorum
451 3833 509 3884 'esse
527 3829 678 3899 putabant.
714 3824 840 3897 Denique
858 3827 953 3884 Numa
965 3827 1120 3898 Pompilius
1132 3828 1243 3890 statuit,
1263 3843 1326 3882 eum
1339 3830 1387 3898 qui

209 3916 360 3970 terminum
379 3919 521 3971 exarasset
540 3919 570 3970 et
587 3917 679 3986 ipsum
704 3918 733 3969 et
750 3915 834 3970 boves
853 3933 945 3970 saeros
964 3933 1030 3972 esse.
1048 3947 1083 3956 -
1102 3917 1129 3983 3)
1148 3916 1199 3986 (De
1212 3915 1311 3970 ceteris
1329 3915 1387 3970 eius

210 4003 349 4058 institutis
374 4004 527 4058 maximam
554 4003 770 4060 admirationem
790 4003 876 4058 habet
895 4003 984 4072 plebis
1003 4020 1053 4072 per
1072 4002 1192 4057 artificia
1210 4001 1386 4070 distributim

211 4091 279 4146 haec
297 4107 362 4147 vero
382 4091 450 4144 luit:
476 4091 630 4157 tibicinum,
657 4091 809 4155 aurificum,
832 4091 973 4146 fabrorum
993 4091 1208 4160 tignuariorum
1227 4090 1387 4153 tinctorum,

211 4182 347 4242 sutorum,
375 4179 525 4244 fullonum,
553 4181 696 4235 fabrorum
721 4179 900 4242 aerariorum,
928 4178 1093 4248 figulorum
1122 4178 1244 4248 reliquas
1264 4181 1338 4233 artes
1356 4177 1387 4231 in

212 4282 297 4319 unum
315 4267 407 4336 coegit
425 4285 566 4336 unumque
584 4285 617 4322 ex
636 4267 671 4321 iis
692 4267 820 4324 omnibus
838 4267 906 4322 lecit
926 4283 1037 4336 corpns;
1066 4267 1205 4322 consortia
1223 4269 1251 4320 et
1271 4264 1388 4320 concilia

214 4354 242 4405 et
259 4369 337 4407 secra
356 4355 452 4422 cuique
471 4357 566 4424 generi
585 4356 713 4410 tribuens
734 4354 948 4425 convenientia.)
966 4385 1000 4395 -
1019 4355 1049 4423 l)
1070 4354 1110 4420 Cf.
1131 4353 1187 4421 Lep
1214 4353 1291 4406 Rom.
1310 4355 1333 4404 5.
1353 4381 1388 4390 —

216 4439 244 4509 5)
262 4440 356 4512 Impar
374 4457 504 4495 numerus
523 4445 614 4512 magis
634 4443 746 4498 faustus
767 4442 933 4497 habebatur.
964 4441 1037 4496 Gens.
1059 4443 1083 4495 ά.
1102 4442 1126 4494 d.
1146 4447 1201 4494 καί.
1220 4443 1291 4505 20‚4.
