3386 5240
669 387 756 457 Leges
774 387 881 456 regiae.
1360 387 1380 451 9

194 588 293 630 neuun
314 589 414 630 uranu
435 589 567 642 σισυιτος
591 589 606 629 ο
630 589 679 638 our
701 589 819 630 uernum
842 589 881 630 nx
904 589 975 630 usas
1008 589 1089 632 orno.
1138 565 1229 630 Ourus
1246 589 1376 631 rusrroro

197 694 294 748 orere,
317 695 362 735 u1s
385 694 528 734 rrecunuu
551 671 656 734 uano,¹

286 779 315 840 5.
342 774 472 842 Cassius
486 775 626 840 Hemiuu
649 776 737 858 opud
749 775 893 839 Plinium
910 775 987 859 [utut.
998 776 1068 842 list.
1080 778 1247 858 32,2,20):
1272 775 1380 841 Numa

165 933 168 940 .
199 880 377 960 oonst'tuit,
400 885 437 944 ut
459 881 575 964 pisces,
600 882 655 963 qui
678 881 841 963 squamosi
865 901 930 942 non
956 883 1070 959 essent,
1094 879 1129 944 ni
1153 879 1378 964 pollucerent.²

285 987 314 1052 6.
339 987 468 1051 Pliuius
491 985 842 1068 (uut.lust.14,12,88):
869 1007 907 1048 ex
930 985 1090 1068 imputata
1113 985 1177 1050 vite
1194 985 1290 1050 libori
1306 987 1380 1051 vina

198 1089 258 1154 diis
281 1089 369 1154 nefas
392 1091 506 1154 statuit
529 1088 697 1173 (Numa).³

286 1197 314 1259 7.
349 1196 459 1278 Irydm
482 1196 533 1278 (de
548 1215 642 1259 meus.
659 1196 742 1277 1,31)
761 1195 793 1258 :⁴
827 1196 881 1256 καί
909 1203 1000 1257 τοῦτο
1031 1195 1066 1257 δὲ
1088 1197 1166 1277 πρὸς
1189 1204 1244 1257 τοῦ
1267 1193 1381 1279 Νουμᾶ

199 1299 404 1376 διατέθειται,
437 1301 518 1364 ὥστε
545 1302 617 1373 τοὺς
642 1299 733 1382 ἱερεῖς
756 1298 892 1382 χαλκαῖς
916 1298 1056 1380 ψαλίσιν,
1090 1296 1161 1362 ἀλλ’
1184 1301 1220 1362 οὐ
1241 1301 1380 1384 σιδηραῖς

198 1404 435 1487 ἀποκείρεσθαι.

288 1510 317 1575 8.
352 1509 450 1574 Diou.
476 1510 714 1593 (2,63-74);δ
744 1507 929 1594 Περιλαβὼν
953 1545 997 1555 -
1019 1510 1144 1570 ἅπασαν
1168 1512 1223 1592 τὴν
1247 1511 1318 1591 περί
1342 1511 1381 1572 τά

199 1615 273 1677 θεῖα
296 1613 483 1697 νομοθεσίαν
507 1623 643 1696 γραφαῖς
667 1613 779 1677 διεῖλεν
803 1615 845 1688 εἰς
870 1614 954 1676 ὀκτὼ
979 1613 1097 1697 μοίρας,
1122 1615 1191 1675 ὅσαι
1211 1623 1272 1678 τῶν
1290 1614 1380 1697 ἱερῶν

198 1721 277 1804 ἦσαν
302 1719 333 1781 ni
356 1718 532 1802 συμμορίαι.
559 1719 751 1800 (κουρίωνες,
775 1719 933 1802 φλάμινες,
957 1719 1108 1804 ἡγεμόνες
1134 1728 1194 1782 τῶν
1218 1718 1379 1800 κελερίων,

201 1824 343 1906 αὐγόρες,
368 1823 517 1902 ἑστιάδες,
544 1823 655 1905 σάλιοι,
678 1824 846 1908 φητιάλεις,
870 1825 1073 1911 ποντίφικες.)

287 1929 315 1992 9.
361 1929 552 1994 Plutarchus
581 1929 710 2009 (Numa,
734 1927 827 2009 Illi:6
864 1928 963 2012 Τιμὰς
992 1929 1028 1992 δὲ
1052 1928 1192 2010 μεγάλας
1216 1929 1380 1993 ἀπέδωκεν

201 2034 306 2106 αὐταῖς
330 2032 549 2118 (Vestalibus),
577 2036 619 2095 ὢν
643 2035 707 2096 ἔστι
729 2035 783 2096 καί
806 2037 841 2096 τὸ
867 2032 1038 2097 διαθέσθαι
1062 2034 1177 2111 ζῶντος
1194 2033 1306 2110 ἐξεῖναι
1322 2057 1380 2097 ποι-

200 2140 272 2220 τρδς
302 2140 357 2200 καί
388 2137 489 2200 τάλλα
519 2139 665 2222 πράττειν
699 2141 771 2201 ἄνευ
805 2139 984 2221 προστάτου
1017 2139 1187 2220 διαγούσας
1217 2140 1321 2221 ὥσπερ
1348 2138 1379 2201 αἱ

200 2243 366 2324 τριπαιδες.

270 2419 297 2484 1)
317 2417 388 2472 Fest.
408 2417 515 2486 opima:
538 2417 573 2469 Μ.
595 2417 685 2470 Varro
704 2416 754 2479 ait,
774 2447 807 2455 -
826 2433 884 2470 esse
903 2416 988 2471 eiiam
1007 2416 1127 2485 Pompili
1146 2415 1220 2486 regis
1239 2416 1330 2484 legem
1342 2445 1378 2456 -—

164 2527 168 2540 ·
200 2503 300 2558 talem:
320 2504 405 2558 ‘cuius
423 2504 479 2558 eet’
499 2534 531 2542 -
551 2503 653 2557 Locum
671 2505 900 2572 corruptissimum
917 2505 956 2557 ud
974 2504 1182 2558 emendationem
1195 2503 1323 2557 Muellem
1330 2519 1379 2572 ρο·

200 2593 330 2646 tissimum
353 2592 415 2646 deut
440 2592 487 2660 (cf.
512 2591 674 2660 Herteterp,
702 2591 775 2644 Plu'l.
793 2594 943 2658 asez-9).
986 2591 1070 2645 Vertu
1097 2593 1162 2646 utra
1180 2592 1302 2646 voluerit
1321 2607 1381 2644 eum

203 2677 337 2747 Seulipero
355 2677 555 2746 interpretando
575 2684 639 2731 suut
658 2677 702 2730 vel
722 2676 830 2732 maiora
851 2678 895 2732 vel
915 2678 1059 2733 lactentia.
1098 2677 1140 2746 Of.
1161 2679 1234 2732 Plut.
1248 2677 1335 2732 Maro.
1348 2681 1380 2732 8:

201 2771 285 2831 φασίν,
305 2769 404 2830 ἐντοῖς
425 2769 590 2834 ὑπομνήμασι
612 2767 702 2831 Νομᾶν
721 2768 865 2831 Πομπίλιον
884 2771 931 2817 καὶ
950 2769 1056 2831 πρώτων
1075 2770 1183 2834 ὀπιμίων
1196 2772 1242 2826 καί
1254 2771 1381 2833 δευτέρων

200 2858 246 2905 καί
263 2857 351 2918 τρίτων
371 2857 552 2920 μνημονεὺειν,
577 2857 610 2905 τά
634 2856 681 2920 μὲν
699 2859 789 2918 πρῶτοι
808 2854 948 2920 ληφθέντα
972 2861 1008 2920 τῷ
1027 2857 1157 2921 Φερετρίῳ
1182 2857 1220 2906 Διὶ
1238 2857 1382 2907 κελεὺοντα

201 2943 351 3006 καθιεροῦν,
370 2945 402 2994 τά
421 2945 530 3007 δεύτερα
548 2945 577 2993 δὲ
595 2949 630 3008 τῷ
649 2941 733 3006 Ἀρεῖ,
753 2944 785 2992 τά
803 2945 831 2994 δέ
850 2947 920 3008 τρίτα
938 2949 973 3009 τῷ
986 2944 1097 3009 Κυρίνῳ·
1116 2947 1163 2994 καί
1181 2945 1319 3009 λαμβάνειν
1338 2947 1382 3010 γέ-

202 3044 256 3092 ρας,
282 3032 393 3094 ἀσσάρια
416 3034 555 3095 τριακόσια
583 3033 625 3081 τδν
644 3036 757 3094 πρῶτον,
782 3033 824 3082 τὸν
843 3033 873 3082 δὲ
892 3033 1011 3096 δεύτερον
1029 3035 1161 3093 διακόσια,
1189 3033 1234 3082 τὸν
1253 3033 1282 3081 δέ
1300 3034 1382 3095 τρίτον

202 3118 303 3168 ἑκατόν.
330 3116 401 3171 Seru.
413 3119 442 3170 tu
460 3117 530 3186 Verq.
541 3118 609 3170 Aeu.
620 3120 717 3184 6‚860:
737 3117 829 3186 prima
844 3148 876 3156 -
889 3117 946 3172 Iovi
965 3116 1104 3186 suspendi,
1114 3147 1147 3155 -
1157 3116 1278 3170 secunda
1288 3115 1381 3179 Marti,

202 3232 233 3241 -
252 3202 339 3256 tertia
352 3199 474 3266 Quirino.
494 3231 528 3242 -
546 3205 574 3272 2)
595 3203 636 3272 Cf.
647 3203 720 3257 Fest.
743 3207 816 3270 (253)
834 3203 977 3259 Pollueere
991 3242 1068 3259 .....
1081 3219 1184 3257 meroes
1204 3203 1295 3264 liceat,
1314 3204 1381 3256 sunt

202 3291 254 3354 tar,
273 3290 388 3359 polenta
407 3290 551 3360 -pisces,
570 3291 671 3360 quibus
691 3294 733 3344 est
751 3309 876 3360 squama,
896 3294 1008 3360 praeter
1026 3307 1134 3344 scarum
1153 3292 1295 3357 (squatum
1306 3289 1380 3354 οοά.)Ι

199 3407 231 3416 -
245 3377 272 3444 3)
294 3376 335 3444 Of.
349 3378 422 3432 Plut.
433 3378 525 3432 Numa
535 3383 582 3432 14:
602 3383 638 3446 μὴ
659 3383 775 3432 σπένδειν
795 3383 871 3442 θεοῖς
890 3383 919 3443 ἐξ
938 3382 1062 3446 ἀμπέλων
1080 3381 1199 3445 άτμήτων
1219 3382 1285 3445 μηδὲ
1303 3378 1378 3430 essu

202 3466 261 3531 άτερ
283 3468 398 3530 ἀλφίτων
425 3466 495 3534 (sine
514 3467 610 3535 farre).
640 3497 674 3506 -
701 3469 728 3535 4)
752 3465 797 3535 (ld
816 3481 926 3534 quoque
946 3483 962 3519 a
981 3465 1076 3518 Numa
1093 3464 1258 3518 institutum
1277 3465 1327 3526 est,
1348 3464 1380 3516 ut

202 3552 357 3608 sacerdotes
376 3553 489 3608 aheneis
508 3554 658 3620 fortioibus,
679 3572 736 3610 non
755 3554 852 3608 ferreis
869 3555 1074 3623 tonderentur.)
1095 3587 1127 3596 -
1147 3553 1175 3616 5)
1197 3550 1326 3617 (Omnem
1345 3551 1379 3606 de

201 3641 282 3693 rebus
300 3640 402 3693 divinis
420 3641 628 3710 legislationem
651 3641 762 3711 seriptis
781 3643 941 3711 complexus
959 3642 989 3696 in
1002 3643 1065 3697 noto
1078 3640 1174 3694 divisit
1187 3643 1293 3710 partes,
1311 3642 1380 3710 quot

201 3729 282 3780 erant
300 3725 475 3781 sacerdotum
494 3727 636 3796 collegia.)
667 3728 711 3796 Of.
731 3728 793 3781 Isim
806 3732 911 3794 1‚20‚6.·
929 3727 1092 3784 Pontificem
1112 3758 1142 3766 -
1163 3725 1234 3795 legit
1254 3725 1378 3795 (Numa),

202 3813 279 3882 eique
297 3829 379 3868 saera
397 3814 492 3868 omnia
510 3817 649 3885 exscripta
667 3816 873 3885 exsignataque
893 3815 1044 3879 adtribuit,
1070 3814 1171 3884 quibus
1189 3812 1296 3873 hostiis,
1316 3811 1377 3881 qui·

201 3901 252 3955 bns
271 3900 377 3966 diebus,
396 3901 431 3954 ad
451 3919 523 3970 quae
542 3903 649 3971 templa
670 3919 749 3956 saera
768 3903 867 3956 fierent
885 3933 926 3954 -.
964 3902 1064 3957 Cetera
1082 3917 1190 3970 quoque
1210 3900 1306 3956 omnia
1326 3917 1377 3968 pu·

202 3988 276 4042 blica
293 3989 462 4058 privataque
480 4007 559 4045 sacra
578 3990 719 4060 pontificis
741 3990 818 4045 soitis
836 3989 962 4053 subiecit,
982 4020 1014 4029 -
1025 4005 1060 4043 ne
1076 3987 1144 4058 quid
1158 3986 1247 4040 divini
1259 3985 1328 4039 iuris
1348 4016 1382 4025 -

202 4075 372 4130 turbaretur.
393 4107 424 4116 -
444 4077 470 4147 6)
490 4077 619 4147 (Magnos
639 4078 801 4132 Vestalibus
819 4077 897 4132 dedit
917 4079 1044 4141 honores,
1069 4078 1144 4130 inter
1162 4092 1230 4144 quos
1249 4073 1375 4128 testandi

201 4161 264 4218 vivo
283 4164 433 4234 petreius,
457 4168 485 4219 et
503 4168 611 4236 reliqua
630 4168 689 4220 sine
710 4168 805 4221 tutore
825 4166 935 4236 agendi,
963 4168 993 4219 ut
1012 4165 1140 4218 viverent
1160 4161 1196 4216 ad
1215 4161 1375 4232 exemplum

202 4265 303 4315 earum,
321 4268 393 4320 quae
413 4251 517 4307 habent
536 4252 578 4306 ius
596 4253 681 4307 trium
702 4253 856 4320 librorum.)
894 4251 935 4320 Of.
956 4251 1098 4314 X11.5,1.
