3400 5254
289 415 333 478 30
828 410 934 480 Festus.

291 589 414 670 Puri,
441 591 540 674 probi,
564 590 702 675 profani,
725 590 775 654 sui
799 588 868 653 auri
892 589 1009 654 dicitnr
1031 589 1064 651 in
1089 589 1338 654 manumissione
1359 611 1469 654 sacro·

289 719 360 759 runr
384 716 495 760 causa:
519 717 556 759 ex
580 694 696 779 quibus
719 694 791 778 puri
815 692 987 778 significat,
1012 694 1096 778 quod
1119 693 1153 758 in
1169 717 1229 758 usu
1252 692 1382 779 spurcc¹
1408 716 1472 759 non

290 801 401 876 fuerin
425 801 528 885 probi,
552 798 653 884 quod²
679 803 763 864 recte
785 803 949 864 excoctum
972 796 1227 884 purgatumque³
1250 800 1308 873 siu
1332 798 1472 884 profani,

289 907 374 990 quod
398 927 521 970 sacrum
553 927 618 970 non
641 907 683 970 sit
706 909 739 969 et
761 906 843 990 quod
869 905 956 970 omni
979 905 1133 988 religione
1156 907 1296 970 solutum
1319 905 1379 982 sin
1412 907 1473 984 sui,

289 1011 375 1095 quod
398 1011 537 1075 alianum
561 1011 703 1076 nonsit.
749 1012 788 1077 F.
814 1014 891 1076 250.
938 1013 988 1094 (P.
1012 1013 1104 1093 251.)
1362 1105 1367 1114 .

290 1115 540 1201 quaestores
564 1111 774 1201 [dicebantur.
797 1117 854 1196 qai
870 1121 1059 1197 quaererent
1077 1117 1116 1180 de
1131 1115 1241 1199 retas]
1267 1115 1471 1199 capitalibus,

290 1221 372 1284 unde
396 1221 509 1303 [iidem
531 1223 626 1285 etiarn
645 1269 651 1284 .
672 1271 679 1284 .
697 1227 883 1302 quaestores
894 1219 1071 1307 parrtlcidi
1087 1221 1300 1305 appellantur.
1335 1221 1376 1284 F.
1392 1223 1471 1286 258.

289 1323 658 1409 Quadriplatoree
692 1325 895 1400 dicebantur,
927 1326 981 1410 qui
1013 1347 1050 1390 eo
1073 1330 1209 1410 quaestu
1232 1347 1265 1390 se
1287 1325 1472 1404 tuebantur,

290 1435 327 1493 ut
350 1451 403 1493 eas
435 1452 484 1494 res
512 1434 800 1514 persequerentur,
833 1451 969 1513 quarum
999 1453 1036 1494 ex
1060 1430 1187 1516 legibus
1209 1429 1380 1514 quadrupli
1404 1435 1474 1494 eret

290 1535 383 1600 aetio.
432 1542 465 1598 P.
491 1539 568 1601 259.
1351 1562 1354 1566 ’

291 1638 479 1722 [Quaado]
497 1675 537 1686 -—·
553 1641 585 1704 in
602 1639 666 1704 XII
686 1661 815 1703 ——cum
834 1639 975 1703 alittera
990 1638 1105 1704 ultima
1120 1640 1281 1704 scribitur.
1314 1640 1354 1705 F.
1371 1643 1449 1704 258.

292 1744 520 1820 Quandoc⁴
549 1767 619 1810 rex
650 1743 902 1810 comitiavit
924 1744 988 1807 fas
1018 1744 1050 1806 in
1074 1743 1168 1808 factis
1190 1744 1295 1808 notari
1318 1743 1409 1821 solet,
1441 1749 1474 1809 et

290 1847 351 1913 lroc
381 1849 506 1914 videtur
538 1850 738 1936 significare,
772 1849 899 1934 quando
932 1870 988 1912 rex
1019 1849 1215 1914 sacrificulus
1239 1849 1363 1916 divinis-
1377 1850 1473 1914 rebus

290 1953 450 2036 perlectus
475 1955 506 2017 in
530 1954 695 2018 comitium
722 1955 820 2019 venit.
868 1951 1084 2028 Quandoc⁴
1109 1959 1267 2020 atercus
1291 1953 1474 2020 delatum

291 2059 371 2136 las,
404 2061 513 2124 ecdem
537 2061 630 2125 modo
653 2061 688 2124 in
711 2060 806 2124 fastis
831 2064 964 2124 natatur
986 2059 1062 2138 dies,
1086 2081 1150 2144 quo
1172 2063 1293 2123 stereus
1315 2064 1475 2143 purgatur

290 2162 331 2227 ab
355 2165 430 2228 aede
455 2163 579 2230 Vestae.
626 2171 662 2230 P.
687 2165 787 2230 259.Β
832 2165 902 2247 (Cf.
926 2165 966 2228 F.
989 2167 1084 2249 258.)

292 2268 379 2343 ‘Qui
402 2269 474 2334 hoe
497 2270 641 2350 censetis,
665 2269 743 2334 illuc
770 2270 914 2347 transite,
938 2269 993 2353 qui
1015 2268 1080 2332 alia
1102 2267 1217 2347 omnia,
1241 2268 1275 2332 iu
1298 2269 1381 2333 hanc
1398 2289 1473 2352 par·

290 2373 377 2449 tem'3
404 2372 455 2438 his
478 2375 584 2440 verbis
609 2373 731 2459 praeit⁸
753 2375 871 2440 ominis
888 2373 1033 2438 videlicet
1048 2395 1152 2451 causa,
1168 2397 1208 2437 ne
1224 2373 1309 2439 dicat
1325 2373 1392 2458 ‘qui
1408 2396 1473 2440 non

290 2481 445 2544 censetis?
491 2481 531 2544 F.
555 2486 632 2545 261.

290 2582 636 2668 Quin[qacuaalcs
658 2586 693 2648 e'a
719 2586 841 2650 cataras
864 2583 1140 2668 appeltalbantun
1163 2584 1219 2668 qui
1241 2584 1380 2650 lustrum
1395 2605 1472 2650 con·

292 2689 417 2770 [derant
441 2693 552 2772 patrita
576 2712 699 2772 quoque
723 2711 818 2767 amre,
843 2713 863 2754 a
879 2712 940 2771 aaa
956 2689 1125 2772 aroneinlari
1149 2695 1286 2774 coeptos,
1322 2689 1363 2754 F.
1379 2696 1455 2755 261.

291 2792 374 2868 ‘Qui
397 2800 564 2877 patres,
595 2796 664 2878 qui
687 2794 941 2877 conscripti
970 2795 1074 2858 vocati
1097 2795 1229 2858 suntin
1253 2795 1384 2873 curiam,
1409 2817 1473 2879 quo

290 2902 433 2980 tempore
462 2897 590 2983 regibus
613 2897 709 2962 arbe⁷
732 2899 873 2982 expulsis
899 2895 934 2961 P.
960 2895 1106 2966 Valerius
1131 2897 1243 2962 consul
1265 2903 1396 2982 propter
1419 2899 1470 2963 in-

290 3001 397 3084 opiam
420 3003 627 3086 patriciorum
650 3003 797 3086 explebe
821 3002 943 3088 adlegit
961 3002 996 3066 in
1012 3025 1180 3068 numerum
1197 3006 1382 3068 aenatorum
1397 3002 1421 3068 O
1438 3009 1472 3068 ct

290 3103 346 3170 LX
369 3109 401 3170 et
416 3103 492 3186 llll,
517 3111 554 3170 ut
568 3107 711 3191 expleret
731 3129 897 3173 numerum
915 3089 1098 3172 cubaturum
1114 3112 1338 3187 trecentorum,
1362 3120 1394 3172 et
1410 3108 1473 3174 duc

289 3231 406 3296 genere
428 3210 591 3294 appellata
605 3210 706 3276 aunt⁸.
743 3211 782 3277 F.
799 3216 880 3276 254.
910 3209 983 3295 (Of.
1000 3210 1167 3276 Allecti.
1193 3211 1471 3296 conscripta.)

293 3317 458 3397 [Quiris
482 3317 627 3381 uocata
638 3319 649 3380 l
659 3339 681 3381 a
693 3317 738 3401 m]
759 3365 870 3384 .....
888 3315 947 3380 nili
962 3315 1124 3402 singulare
1139 3316 1373 3404 asurlpabatar
1387 3319 1473 3396 olim,

290 3424 325 3481 at
347 3418 484 3506 indicia]
510 3425 558 3486 est
573 3444 695 3506 praeco,
718 3422 774 3508 qui
793 3423 827 3486 in
846 3423 971 3487 lunaria
996 3420 1183 3508 [indictione
1199 3426 1246 3487 ita
1256 3425 1474 3504 pronuntiare

289 3522 401 3609 ealetr]
427 3522 568 3588 ‘Ollua10
595 3526 702 3602 Quiris
725 3527 789 3592 leto
814 3528 933 3594 datus'.
980 3528 1020 3592 F.
1044 3534 1121 3594 254.

291 3626 414 3702 ‘Quot
444 3630 558 3693 servi
587 3635 673 3695 totll
702 3631 823 3716 hostes?
848 3633 882 3698 iu
906 3633 1076 3717 proverbio
1099 3637 1162 3713 eat,
1191 3621 1230 3698 de
1252 3655 1315 3718 quo
1339 3633 1472 3698 Sinnius

292 3779 500 3786 -.---—.---—-

380 3871 405 3938 1)
429 3887 511 3940 porco
535 3873 605 3935 θοάς
633 3889 731 3943 spurca
748 3877 855 3946 (spurca
874 3875 912 3945 G)
932 3876 1045 3931 Paulae.
1075 3906 1102 3916 -
1136 3875 1165 3945 2)
1183 3877 1230 3944 aie,
1249 3893 1304 3931 aaa
1323 3877 1469 3947 probique,

289 3956 360 4018 coda
379 3957 413 4024 cf.
432 3959 543 4013 Paulae.
567 3992 593 3999 —
612 3962 640 4029 3)
658 3963 704 4030 etc,
723 3979 778 4018 aon
790 3967 1011 4034 pugnatumque,
1031 3965 1087 4020 aad.
1109 3994 1141 4004 -
1160 3966 1188 4034 4)
1208 3963 1339 4033 quendac
1356 3972 1473 4036 atroque

289 4045 347 4098 loeo
366 4043 441 4098 GM.
470 4075 503 4086 -
526 4048 552 4118 5)
572 4047 614 4118 Os.
635 4049 733 4105 Factae
756 4051 925 4121 a.qua1ido;
952 4057 1013 4105 tom.
1028 4051 1087 4119 lp.
1106 4055 1185 4118 39,2‚·
1219 4051 1304 4106 Varro
1323 4053 1340 4109 l.
1360 4054 1379 4107 l.
1401 4056 1471 4122 6‚31.

290 4131 334 4185 Da
350 4134 520 4190 restitueretis
536 4136 617 4192 baiae
641 4139 695 4192 loci
709 4140 833 4208 aaronita
855 4156 882 4195 a.
898 4137 972 4192 Mae.
992 4146 1017 4194 ct
1036 4139 1093 4193 Mo.
1133 4137 1161 4194 0.
1180 4140 1204 4192 1.
1224 4140 1258 4193 L.
1280 4143 1363 4208 1367.
1387 4167 1417 4180 -
1441 4143 1471 4214 6)

288 4219 340 4287 aie,
366 4237 420 4274 noa
440 4223 526 4290 perit,
551 4224 606 4279 aad.
640 4255 666 4264 -
700 4226 726 4293 7)
746 4225 843 4280 urbem
862 4226 919 4281 eod.
947 4255 980 4266 -
1008 4223 1037 4292 8)
1056 4227 1216 4296 appellaret
1234 4243 1292 4282 eece
1310 4228 1366 4284 cort.
1407 4228 1471 4300 [Re-

290 4308 407 4374 quo'rltar
425 4309 570 4378 appellare
588 4311 632 4365 ita
650 4312 744 4382 acepit
761 4315 899 4367 similiave.
937 4313 986 4368 Ta.
1010 4315 1056 4383 ll]
1082 4340 1115 4354 --
1134 4315 1162 4385 9)
1180 4315 1242 4372 Lab.
1260 4320 1352 4384 2,1,11.
1371 4317 1470 4372 -Dion

287 4395 354 4458 5‚13.
393 4393 545 4464 Subuculae
566 4401 632 4454 rom.
652 4398 745 4455 Geeat.
763 4404 848 4468 2144.
874 4427 907 4440 «-
934 4402 1072 4471 llll-illius
1090 4403 1145 4457 cod.
1168 4431 1200 4445 -
1224 4404 1267 4473 ll)
1286 4403 1360 4473 qnod
1380 4403 1473 4458 servi·

290 4481 352 4534 tute
370 4481 426 4535 cod.
