3400 5254
306 344 327 408 8
845 341 951 394 rama

308 519 582 604 Duplionem
606 519 733 604 antiqm
755 519 914 586 dicebant
938 521 1024 604 quod
1046 542 1106 584 nos
1127 521 1271 605 duplum.
1309 523 1348 586 P.
1372 521 1441 585 66)

307 625 506 691 Eiuratio
527 626 692 709 significat
713 625 757 695 id.
780 627 865 710 quod
888 627 1096 703 desideretur,
1118 648 1183 690 non
1206 649 1299 710 pomo
1321 628 1491 709 praestari.

308 730 459 796 Plautus:
481 730 641 794 ‘Eiurarit
662 731 832 798 militiam'.
879 733 919 797 P.
943 739 965 795 7
967 739 997 796 7.

308 837 395 914 Em,
418 839 497 900 tum.
535 835 576 900 P.
600 842 653 902 76.
700 835 789 902 Em’
811 861 871 921 pro
893 860 977 912 eum,
1000 839 1042 902 ab
1057 861 1105 911 eo,
1129 839 1349 922 quodestis'.
1379 837 1417 900 P.
1432 843 1486 900 77.

308 941 381 1006 Em
393 964 413 1005 a
424 963 445 1004 n
457 962 475 1004 c
487 942 498 1004 i
510 964 561 1024 pa
572 942 607 1005 ti
630 942 755 1006 duobus
771 943 875 1006 modis
888 944 1136 1028 intelleguntur:
1157 949 1216 1008 aut
1228 942 1280 1022 ii³,
1304 945 1360 1027 qui
1375 966 1413 1006 ex
1427 967 1490 1026 pa·

307 1050 368 1110 tris
391 1047 459 1110 iure
480 1047 640 1122 exierunt,
673 1052 732 1111 ant
752 1048 804 1124 ii³,
828 1050 884 1132 qui
907 1050 1042 1114 aliorum
1066 1050 1151 1112 fiunt
1171 1049 1321 1122 dommim
1350 1071 1487 1132 quorum

308 1157 481 1236 utrumque
503 1150 542 1214 fit
565 1153 810 1235 mancipatione.
859 1155 895 1216 P.
919 1160 972 1217 77.

308 1256 481 1330 Emere,
512 1257 596 1339 qnod
621 1279 706 1322 nunc
728 1263 778 1322 est
800 1261 952 1336 mercari,
984 1261 1109 1344 antiqui
1131 1259 1330 1342 accipiebant
1352 1279 1410 1341 pro
1431 1280 1491 1321 su·

310 1383 403 1426 merc.
449 1360 489 1425 P.
513 1365 565 1424 76.

311 1465 660 1560 Endoplorato,
691 1464 871 1548 inplorato,
902 1467 986 1550 quod
1017 1473 1066 1531 est
1087 1490 1159 1532 cunr
1182 1467 1363 1552 questione*
1386 1466 1491 1531 incla-

310 1593 406 1636 mare.
453 1570 619 1655 luplorare
644 1593 782 1655 namque
811 1577 954 1636 osteum
976 1572 1053 1636 fletu
1077 1595 1205 1657 rogare,
1234 1573 1318 1656 quod
1341 1578 1391 1636 est
1412 1595 1491 1654 pro·

309 1677 437 1760 proprie
460 1675 652 1760 vapulantis.
701 1677 739 1740 P.
767 1681 816 1739 77.

311 1783 435 1848 Eudo
469 1782 730 1866 procinctu,
763 1765 1000 1864 in'procinctu:
1031 1783 1193 1867 significat
1214 1789 1332 1861 autem,
1354 1806 1424 1847 cum
1448 1807 1489 1848 ex

310 1887 423 1952 castris
453 1888 484 1950 in
509 1886 666 1970 proelium
701 1887 822 1951 exitum
845 1892 909 1965 cot,
941 1889 1130 1971 procinctos,
1161 1890 1270 1973 quasi⁶
1292 1891 1493 1973 praecinctos

310 1999 407 2078 utrque
438 1993 620 2078 expeditum
645 2015 721 2056 uam
744 1993 829 2076 apud
853 1993 1003 2076 antiquos
1025 1993 1111 2078 togis
1134 1994 1265 2058 incincti
1287 1995 1492 2080 pugnitaaee‘

310 2099 468 2165 dicuntur.
517 2099 554 2164 P.
579 2103 631 2162 77.

312 2203 539 2290 Equestre
562 2227 652 2281 aes,
676 2205 760 2288 quod
783 2204 883 2287 equiti
907 2203 1053 2266 dabatur.
1100 2203 1139 2266 P.
1162 2207 1214 2266 81.

311 2309 495 2375 Eretum
518 2308 777 2393 citumque'
799 2309 838 2372 fit
860 2309 945 2372 inter
967 2312 1141 2383 consortes,
1165 2313 1201 2370 ut
1223 2307 1491 2392 inlibrislegum

315 2413 546 2480 Romanorum⁸
571 2415 699 2497 legitur.
746 2413 879 2478 Eretum
902 2436 921 2476 a
943 2413 1115 2477 coercendo
1137 2414 1268 2488 dictum,
1292 2415 1376 2479 uude
1391 2421 1492 2478 eter-

309 2521 472 2586 ciscendac
494 2525 526 2584 et
541 2520 660 2584 arcioni.
697 2518 804 2583 Citum
827 2523 933 2582 autem
957 2521 1006 2580 est
1022 2523 1168 2580 vocatum
1185 2541 1204 2580 a
1220 2519 1338 2584 ciendo.
1375 2520 1414 2584 P.
1430 2524 1492 2584 82.

312 2627 443 2692 Escit
465 2625 535 2688 erit.
584 2624 620 2688 P.
644 2623 714 2688 77.·

313 2732 595 2797 Everriator
628 2735 772 2809 vocatur,
807 2730 863 2813 qui
885 2731 955 2793 iure
978 2735 1107 2814 accepta
1129 2731 1307 2794 hereditate
1329 2731 1415 2792 iusta
1437 2727 1453 2792 f
1473 2765 1492 2778 -

312 2859 382 2902 cere
404 2835 555 2900 defuncto
577 2835 686 2898 debet:
717 2835 771 2920 qui
795 2835 824 2898 si
845 2857 908 2898 non
933 2835 1045 2900 fecerit
1068 2857 1123 2900 seu
1147 2836 1223 2919 quid
1246 2837 1278 2898 in
1302 2857 1339 2898 ea
1361 2857 1395 2899 re
1418 2841 1491 2898 tur-

314 2941 447 3018 baverit,
471 2940 654 3024 suocapite
680 2941 757 3004 luat.
804 2939 840 3004 Id
857 2963 970 3006 nomen
994 2941 1159 3006 ductum¹⁰
1182 2964 1201 3004 a
1220 2940 1390 3016 verrend03
1414 2963 1491 3003 uam

314 3051 510 3112 ‘exverrae‘¹¹
533 3049 609 3110 sunt
631 3047 782 3132 purgatio
806 3047 959 3131 quaedam
985 3046 1106 3124 domus,
1134 3069 1173 3110 ex
1196 3069 1260 3130 qun
1284 3051 1427 3110 mortuus
1450 3045 1491 3108 ad

313 3153 510 3238 sepulturam
534 3151 684 3216 ferendus
708 3155 767 3231 est,
792 3174 873 3236 quae
896 3153 934 3215 fit
956 3175 1012 3236 per
1029 3153 1253 3216 everriatorem
1274 3155 1359 3214 certo
1374 3171 1495 3234 gauere

314 3280 480 3343 scoparum
504 3256 648 3350 adhibito
672 3258 712 3322 ab
736 3262 827 3323 extra
846 3259 999 3322 verrendo
1021 3259 1186 3323 dictarum.
1233 3255 1272 3321 P.
1298 3261 1349 3320 77.

315 3365 552 3448 llxrogare
576 3369 624 3428 est
646 3386 684 3428 ex
709 3363 780 3448 lege
803 3369 909 3428 vetere
933 3364 1054 3447 aliquid
1078 3363 1214 3428 eximere
1239 3384 1294 3444 per
1309 3383 1423 3424 novam
1445 3361 1494 3426 le·

314 3491 395 3554 gem.
444 3468 481 3533 P.
509 3471 563 3532 82.
745 3476 752 3486 '

315 3575 342 3638 Ε
355 3597 374 3638 x
388 3579 402 3638 t
414 3597 429 3638 r
443 3596 461 3636 a
473 3596 489 3636 r
501 3573 511 3636 i
523 3596 542 3636 u
556 3595 570 3636 s
593 3579 657 3652 est,
691 3575 746 3656 qui
770 3579 860 3637 extra
884 3575 988 3638 focum
1013 3578 1246 3638 sacramentum
1269 3569 1413 3655 iusque¹²
1438 3571 1494 3634 sit.

316 3680 352 3744 P.
379 3682 429 3743 76.

314 3781 517 3848 Familia
547 3786 641 3846 antea
663 3784 696 3847 in
719 3782 829 3848 liberis
851 3783 1034 3848 hominibus
1059 3783 1236 3855 dicebatur,
1269 3801 1405 3865 quorum
1427 3779 1494 3842 dux

315 3893 347 3954 et
379 3891 525 3972 princeps
557 3889 682 3972 generis
713 3889 887 3951 vocabatur
918 3891 1010 3970 pater
1040 3892 1072 3950 et
1095 3891 1197 3951 mater
1219 3885 1375 3960 familiam
1409 3882 1497 3947 unde

315 3995 438 4060 familia
461 3993 617 4058 nobilium
643 3993 891 4076 Pompiliorum,
925 3991 1145 4069 Valeriorum,
1175 3989 1402 4054 Corneliorum.
1448 3987 1498 4050 Et

388 4172 411 4230 u
430 4187 453 4226 v.
473 4176 534 4224 lom.
554 4169 573 4222 1
584 4187 612 4238 p.
626 4173 667 4234 39,
688 4169 741 4224 tob.
758 4167 863 4228 ΧΠ,3.
883 4197 917 4206 --
936 4167 964 4233 2)
983 4182 1017 4219 ou
1038 4166 1071 4218 G.
1092 4192 1121 4202 -
1142 4165 1169 4228 3)
1188 4163 1218 4216 hi
1238 4162 1308 4215 llus.
1329 4191 1360 4200 -
1380 4161 1409 4226 4)
1429 4176 1497 4214 con·

315 4257 461 4328 questione
474 4256 507 4310 G.
530 4289 558 4298 -
579 4257 606 4325 5)
626 4273 682 4324 qna
702 4254 742 4308 M.
763 4285 795 4294 --
815 4255 843 4321 6)
863 4251 1009 4322 punitasse
1031 4253 1059 4306 T.
1078 4283 1113 4292 —
1133 4253 1159 4320 7)
1177 4268 1232 4320 que
1250 4249 1299 4302 del.
1313 4248 1439 4316 Scopa.
1458 4279 1497 4287 —-

315 4343 342 4414 8)
363 4361 560 4400 arnmanorum
581 4342 621 4396 M.
647 4371 679 4382 -
707 4343 735 4410 9)
752 4358 777 4394 o.
796 4347 856 4396 tom.
878 4341 895 4393 1
919 4357 944 4408 p.
964 4344 1006 4407 23,
1027 4341 1080 4394 tab.
1106 4339 1167 4402 V,4.
1179 4343 1202 4392 5.
1214 4342 1239 4391 7.
1276 4335 1380 4390 Schoell
1397 4339 1441 4390 98.
1461 4365 1496 4376 --

317 4431 360 4502 10)
379 4431 484 4486 dictum
510 4430 538 4486 T.
560 4461 588 4470 -
614 4429 656 4498 11)
675 4445 813 4484 arvernae
833 4429 904 4482 libri.
923 4458 957 4467 -
978 4428 1023 4496 12)
1042 4443 1128 4496 usque
1146 4427 1186 4480 M.
