3400 5250
660 381 760 436 Edicta
779 383 949 450 praetorum.
1340 385 1404 448 207

310 559 339 622 6.
376 559 491 624 Alieno
523 559 666 636 nomine,
700 559 777 622 item
806 580 862 642 peu
884 557 963 622 alios
988 559 1103 642 agendi
1127 563 1319 642 potestatem
1341 581 1406 623 non

223 662 336 727 t'aeiam
361 665 394 728 in
419 663 469 726 his
492 667 606 742 causis,
630 664 797 747 inquibus
820 687 860 728 ne
883 665 959 728 dant
981 665 1179 749 cognitorem
1196 686 1275 729 neve
1291 665 1407 730 dentur

223 765 360 832 edietum
385 766 653 850 comprehendit‘.

311 872 338 934 7.
373 871 470 936 Cuius
494 870 623 936 nomine
655 873 727 956 quis
751 873 906 936 actionem
923 873 992 936 dari
1009 872 1070 936 sibi
1086 874 1275 957 postulabit,
1291 875 1319 936 is
1335 895 1405 936 eum

224 977 283 1040 viri
314 978 390 1040 boni
423 977 580 1041 arbitratu
612 977 782 1042 defendat:
820 981 852 1042 et
882 978 910 1042 ei
942 998 1073 1072 quocum
1095 983 1163 1060 apet
1193 1000 1256 1062 quo
1279 979 1406 1042 nomine

223 1086 297 1165 aget
319 1081 352 1146 id
377 1087 485 1146 ratum
507 1081 626 1146 habere
650 1105 731 1158 eum,
757 1083 797 1146 ad
820 1105 915 1166 quem
938 1105 975 1146 ea
998 1106 1047 1146 res
1072 1083 1222 1166 pertinet,
1246 1083 1322 1147 boni
1345 1081 1411 1151 viri.

222 1186 380 1251 arbitratu
403 1185 562 1251 satisdet2.

227 1270 295 1358 *N
311 1293 339 1356 8.
380 1291 470 1370 Quod
492 1292 642 1358 adversus
664 1295 839 1374 municipes
862 1293 1003 1371 aciatos?

310 1399 339 1460 9.
378 1396 467 1471 Quod
492 1397 718 1481 cuiuscumque
741 1397 962 1462 universitatis
985 1399 1113 1463 nomine
1136 1397 1186 1462 vel
1203 1401 1315 1462 eontra
1337 1398 1406 1461 eam

225 1501 366 1585 agatur⁴.

313 1605 363 1671 10.
402 1606 434 1671 Si
460 1609 531 1691 quis
555 1609 686 1692 negotia
709 1608 841 1672 alterius
864 1609 931 1672 sive
956 1607 1027 1691 quis
1044 1607 1183 1694 negotia,
1204 1627 1286 1698 quae
1301 1606 1407 1670 ouius-

224 1733 289 1792 que
312 1733 383 1774 eum
408 1713 434 1774 is
453 1713 591 1776 moritur
605 1712 737 1790 fuerint,
762 1713 906 1797 gesserit,
930 1712 1083 1776 iudicium
1100 1710 1281 1776 eonomine
1297 1709 1406 1775 dabo⁶.

311 1813 399 1880 VIIL
437 1815 493 1880 De
516 1817 899 1882 calumniatoribus.
948 1816 984 1880 ln
1003 1839 1075 1880 eum
1092 1815 1157 1900 qui,
1174 1819 1211 1880 ut
1226 1815 1403 1882 calumniae
1426 1815 1449 1892 E:
1465 1817 1493 1893 ξ)

224 1940 318 1982 causa
341 1921 506 2004 negotium
530 1921 650 1986 faceret
675 1923 724 1986 vel
747 1944 811 1985 non
838 1921 967 1999 faceret,
993 1923 1159 2005 pecuniam
1183 1921 1340 2003 accepisse
1356 1921 1404 1984 di·

223 2027 321 2101 cetur,
354 2025 440 2088 intra
463 2048 581 2090 annum
614 2027 647 2090 in
671 2026 886 2111 quadruplum
916 2028 983 2090 eius
1014 2027 1165 2109 pecuniae
1198 2048 1293 2110 quam
1318 2047 1406 2090 acee-

225 2128 309 2210 pisse
332 2127 463 2206 dicetur,
486 2135 558 2213 post
582 2153 701 2194 annum
725 2131 832 2214 simpli
855 2133 1024 2211 (iudicium
1046 2132 1151 2213 dabo).

312 2231 367 2297 lx.
407 2234 461 2298 De
493 2235 534 2298 in
565 2235 778 2319 integrum
812 2235 1198 2302 restitutionibus².
1248 2239 1274 2300 l.
1310 2236 1512 2314 Quodgjffissfff

225 2344 327 2402 metus
350 2361 444 2404 eausa
466 2345 593 2424 gestum
617 2340 687 2418 erit,
711 2346 816 2405 ratum
839 2364 903 2405 non
927 2341 1078 2407 habebo⁸.

314 2445 344 2508 2.
383 2443 470 2520 Quae
501 2445 573 2508 dolo
605 2446 691 2508 malo
719 2445 806 2510 facta
837 2467 905 2510 esse
936 2447 1095 2523 dicentur,
1129 2448 1156 2512 si
1178 2447 1216 2511 de
1240 2446 1289 2510 his
1313 2443 1406 2508 rebus

226 2549 289 2612 alia
313 2549 396 2613 aetio
426 2572 490 2613 non
514 2551 575 2614 erit
599 2556 630 2614 et
653 2551 738 2615 iusta
761 2573 856 2616 causa
880 2573 947 2616 esse
970 2549 1144 2630 videbitur,
1178 2553 1264 2615 iutro
1287 2571 1407 2615 aizoum

224 2653 387 2718 iudicium·
402 2655 511 2718 dab09.

313 2761 343 2823 3.
383 2758 473 2834 Quod
509 2781 580 2824 oum
613 2761 735 2824 minore
764 2784 859 2845 quam
889 2762 1005 2850 viginti
1034 2761 1175 2846 quinque
1207 2762 1300 2825 annis
1329 2765 1406 2824 natu

226 2868 351 2944 gestum
376 2886 442 2928 esse
466 2864 597 2942 dicetur,
622 2866 668 2928 uti
692 2888 835 2950 quaeque
858 2889 908 2931 res
932 2866 1003 2945 erit,
1023 2866 1318 2931 animadvertam¹⁰.

314 2971 344 3034 4.
379 2969 441 3046 Qui
465 2991 593 3054 quaeve,
622 2975 830 3056 posteaquam
862 2972 938 3055 quid
961 2993 1033 3036 eum
1057 2972 1107 3036 his
1131 2977 1237 3036 aetum
1261 2975 1406 3035 contrae-

226 3079 335 3138 tumve
358 3075 410 3153 sit,
437 3075 540 3159 eapite
564 3075 719 3140 deminuti
736 3077 918 3140 deminutae
933 3098 1000 3141 esse
1016 3079 1170 3155 dicentur,
1186 3078 1220 3140 in
1236 3099 1289 3140 eos
1305 3099 1406 3154 eosve,

226 3179 356 3261 peiinde
380 3180 471 3263 quasi
493 3179 526 3244 id
555 3179 676 3244 factum
700 3204 763 3244 nou
787 3183 838 3258 sit,
862 3180 1014 3245 iudicium
1037 3180 1163 3245 dabo¹¹.

314 3287 342 3349 5.
380 3284 471 3360 Quod
493 3307 530 3348 eo
553 3288 692 3362 auctore,
718 3287 773 3368 qui
798 3290 887 3350 tutor
911 3309 973 3350 non
990 3287 1098 3366 fuerit,
1124 3335 1261 3352 .......
1269 3284 1308 3364 ¹²,
1332 3287 1358 3350 si
1375 3285 1407 3348 id

227 3393 316 3452 actor
338 3389 510 3473 ignoravit,
533 3390 615 3453 dabo
638 3389 672 3452 in
694 3389 857 3474 integrum
881 3390 1159 3454 restitutionem¹³.
1199 3389 1237 3454 In
1252 3413 1334 3468 eum,
1352 3392 1407 3475 qui

229 3513 301 3556 eum
323 3497 411 3557 tutor
434 3516 499 3557 non
521 3498 611 3569 esset,
636 3495 710 3558 dolo
733 3495 818 3558 malo
842 3499 952 3560 auctor
972 3495 1077 3560 factus
1093 3516 1160 3560 esse
1176 3496 1307 3573 dicetur,
1323 3496 1406 3560 iudi-

228 3598 312 3661 cium
328 3598 419 3673 dabo,
436 3602 482 3676 ut,
497 3598 609 3682 quanti
626 3621 724 3664 eures
738 3599 808 3678 erit,
822 3604 943 3664 tantam
958 3599 1124 3683 pecuniam
1136 3599 1406 3666 condemnetur¹⁴.

316 3702 345 3767 6.
382 3700 416 3766 Si
447 3702 534 3766 euius
564 3704 640 3787 quid
669 3705 707 3768 de
734 3705 843 3783 bonis,
875 3727 945 3769 cum
979 3706 1007 3768 is
1031 3711 1135 3770 metus
1164 3712 1220 3770 aut
1243 3708 1311 3771 sine
1335 3709 1407 3772 dolo

298 3927 326 3994 1)
345 3925 393 3979 Fr.
420 3926 477 3980 Vat.
497 3930 558 3980 322.
580 3958 611 3967 —
630 3929 657 3996 2)
678 3929 714 3982 D.
733 3933 855 3996 3‚3,33‚3.
875 3959 909 3969 —
928 3930 955 3998 3)
974 3930 1012 3983 D.
1029 3934 1099 3998 3,4‚7
1113 3949 1157 4000 pr.
1180 3963 1210 3970 -
1230 3932 1258 4000 4)
1273 3933 1357 3988 Rabr.
1368 3934 1406 3987 D.

226 4016 277 4077 3,4.
296 4043 329 4052 -
350 4014 377 4081 5)
396 4013 433 4066 D.
453 4016 521 4078 3,5,3
535 4033 577 4082 pr.
598 4046 631 4054 —
649 4018 680 4083 6)
698 4017 734 4070 D.
755 4021 822 4084 3,6,1
840 4035 884 4086 pr.
916 4018 956 4071 De
974 4021 1065 4072 ceteris
1084 4020 1165 4074 haias
1178 4021 1252 4074 euou'
1262 4021 1354 4076 edictis
1372 4023 1406 4089 es.

227 4099 262 4154 Ε.
282 4099 356 4167 Rp.
376 4103 412 4153 87
429 4117 484 4168 sqq.
513 4102 824 4172 -7)111111.1).4,1.
846 4136 876 4143 —
896 4106 924 4173 8)
941 4106 978 4168 D.
998 4109 1075 4173 4,2,1.
1094 4136 1128 4146 -
1147 4107 1176 4176 9)
1196 4107 1234 4160 D.
1253 4112 1352 4175 4‚3‚1,1.
1374 4139 1403 4146 —

128 4201 138 4215 ⁶
229 4185 271 4254 10)
290 4187 327 4240 D.
345 4191 450 4256 4‚4,1,1.
479 4220 512 4226 -
542 4189 586 4256 11)
606 4189 643 4242 D.
665 4195 768 4258 4,5,2‚1.
795 4192 999 4261 -12)Roor.
1022 4193 1059 4249 D.
1077 4199 1155 4262 27‚6.·
1178 4195 1252 4264 quod
1271 4195 1345 4252 falso
1363 4199 1406 4250 tu·

228 4276 288 4327 tore
313 4277 426 4329 auctore
448 4282 551 4344 pestem
578 4292 636 4330 esse
659 4277 774 4331 dicetur.
811 4280 869 4334 Nee
893 4287 980 4334 tauma
1004 4281 1036 4334 de
1055 4284 1147 4350 quava
1166 4283 1284 4350 oepotm,
1311 4283 1358 4336 sed
1375 4284 1407 4337 de

227 4361 273 4414 lite
294 4368 441 4417 contestata
459 4363 502 4416 hie
523 4365 603 4434 episee
622 4372 771 4432 praetorem
789 4368 915 4422 arbitror.
954 4367 995 4436 Cf.
1016 4369 1053 4421 D.
1072 4371 1194 4436 27‚6‚3‚6.
1217 4400 1249 4406 —
1271 4370 1314 4434 13)
1332 4370 1406 4438 dabo

227 4448 244 4500 i.
263 4448 281 4500 i.
301 4451 376 4520 reat]
396 4467 450 4504 oon
469 4451 591 4538 videntne·
610 4453 674 4506 haee
689 4457 823 4520 praetoris
841 4471 902 4510 esse.
923 4485 954 4494 -
976 4457 1016 4516 14)
1035 4456 1072 4508 D.
1093 4458 1250 4522 27,6‚1,2.6,·
1268 4461 1285 4510 7
1300 4474 1344 4525 pr.
