3386 5240
650 417 735 484 Leges
755 413 810 470 ΧΠ
825 416 998 471 tabularum.
1365 421 1407 485 37

317 593 345 656 8.
373 642 403 656 ..
422 645 429 658 .
452 617 523 658 NEVE
546 617 646 657 Anauni
670 615 783 656 anulio.
830 617 866 658 Ar
890 618 936 658 OUI
963 617 1039 660 AURO
1058 619 1164 660 DENTES
1180 619 1277 661 IUNC'I'I
1293 619 1409 662 ESOUNT.

229 719 332 760 ssrrn
354 720 411 761 cun
432 721 495 762 nno
518 721 648 762 snrnnrsr
672 721 793 774 caurus,
820 723 851 762 sn
875 723 986 764 rnrunn
1011 723 1089 766 usuc.

315 802 345 867 9.
394 801 498 868 Oicero
523 803 572 888 (de
593 805 647 886 lep.
670 805 836 888 2‚24‚61):
864 827 977 889 rogum
1003 806 1173 870 bustumve
1188 828 1305 871 novum
1322 811 1409 871 vetat

227 909 356 991 propius
379 905 435 972 LX
457 908 552 992 pedes
574 909 662 992 adigi
685 901 782 972 aedes
800 909 921 973 alienas
946 909 1049 974 invito
1074 909 1212 976 domino,

317 1015 366 1078 10.
416 1011 518 1078 Oicero
544 1011 791 1098 (reparatis
815 1013 925 1078 forurn
948 1015 1119 1079 bustumve
1142 1038 1201 1079 usu
1217 1015 1287 1098 capi
1309 1019 1362 1080 vet
1382 1020 1405 1080 t.

689 1186 865 1253 TABULA
892 1189 947 1254 Xl.

315 1328 342 1391 1.
392 1325 496 1392 Cicero
525 1326 575 1410 (de
604 1348 668 1406 rep.
692 1327 838 1411 2,36;37)
851 1350 860 1391 :¹
894 1327 1099 1414 (Decemviri)
1133 1352 1204 1394 curn
1227 1329 1258 1394 X
1280 1329 1406 1394 tabulas

223 1452 350 1496 summa
373 1433 480 1513 legum
502 1431 663 1515 aequitate
687 1433 923 1516 prudentiaque
945 1434 1214 1518 conscripsissent,
1238 1435 1272 1498 in
1288 1458 1406 1499 annum

222 1540 389 1620 posterum
420 1535 537 1599 Xuiros
567 1533 650 1599 alios
681 1537 952 1621 subrogaverunt,
986 1575 1030 1586 -
1060 1539 1114 1623 qui
1144 1539 1267 1604 duabus
1288 1540 1406 1603 tabulis

226 1641 407 1725 iniquarum
435 1640 544 1724 legum
568 1641 684 1705 additis
711 1640 847 1706 conubia
870 1680 913 1689 -
936 1647 1035 1708 utne
1058 1641 1143 1727 plebi
1167 1666 1239 1708 cum
1262 1645 1405 1727 patribus

227 1751 340 1824 essent,
365 1745 627 1809 inhumanissima
649 1745 722 1829 lege
747 1751 933 1810 sanxerunt.
1322 1791 1324 1796 ,
1395 1765 1397 1768 ·

313 1854 341 1915 2.
390 1851 576 1916 Macrobius
601 1853 672 1930 (sot.
697 1851 855 1935 1‚13‚21):
880 1851 1058 1915 Tuditanus
1081 1851 1188 1930 refert,
1212 1889 1255 1898 -
1278 1851 1403 1930 Xuiros

224 1957 281 2040 qui
303 1956 421 2020 tabulis
445 1957 523 2020 duas
546 1955 748 2033 addiderunt,
785 1957 823 2020 de
845 1957 1063 2021 intercalando
1089 1959 1242 2041 populum
1266 1979 1404 2043 rogasse.

224 2060 352 2126 Cassius
376 2061 500 2126 eosdem
523 2061 635 2126 scribit
660 2066 815 2126 auctores.

295 2227 319 2270 8.
356 2218 409 2271 Cic.
430 2218 473 2284 (de
491 2219 539 2286 leq.
557 2220 693 2284 2‚24‚60):
713 2225 765 2278 Qua
784 2227 808 2270 in
827 2226 881 2281 lege
899 2239 952 2270 cum
972 2232 1050 2272 esset:
1071 2225 1138 2273 ‘nevo
1158 2250 1191 2260 ·-
1212 2228 1312 2282 addito’‚
1332 2242 1405 2288 quam

222 2312 328 2361 humane
352 2312 459 2372 excipiat
482 2313 560 2358 altera
579 2313 619 2357 lex
649 2307 796 2370 [intellegite
819 2309 933 2356 nimirum
951 2303 1083 2359 ¹salacitate
1101 2307 1266 2360 exciderunt.
1296 2315 1342 2360 ΤΗ.
1361 2310 1404 2372 Ml

223 2400 347 2460 praecepit
366 2401 444 2444 altera
463 2401 533 2457 lege:
553 2399 588 2445 ‘at
607 2394 646 2461 (ut
665 2393 739 2460 libri)
759 2399 798 2446 cui
817 2413 840 2444 a.
851 2399 874 2443 d.
894 2399 969 2444 iuncti
988 2405 1072 2446 escunt
1091 2396 1184 2460 (essent
1202 2395 1275 2464 libri)
1291 2424 1321 2434 -
1336 2403 1404 2448 esto'.

293 2489 316 2532 9.
338 2489 377 2534 iii.
416 2479 469 2533 Oic-
489 2480 532 2546 (de
545 2481 591 2548 lay.
610 2482 743 2546 2‚24,61).·
766 2487 834 2532 Duce
853 2490 909 2531 sunt
928 2491 1058 2545 praeterea
1076 2490 1143 2546 leges
1162 2481 1192 2534 (le
1203 2491 1325 2550 sepulcris,
1345 2503 1404 2550 qua·

220 2585 275 2618 rum
300 2576 378 2618 altera
401 2575 550 2634 privatorum
568 2575 690 2629 aedificiis,
726 2575 806 2618 altera
826 2573 884 2633 ipsis
903 2574 1018 2632 sepulcris
1037 2579 1121 2632 caret3
1148 2589 1205 2623 narn
1226 2577 1291 2638 quod
1312 2575 1404 2634 ‘rogum

219 2683 257 2692 -
276 2661 386 2714 domino’‚
405 2685 438 2692 -
458 2663 530 2722 pedes
549 2662 615 2719 adigi
633 2655 672 2707 sic
690 2653 852 2722 Madra'ya'tts,
875 2659 937 2706 adici
956 2653 1021 2706 libri
1038 2676 1060 2707 a.
1072 2677 1094 2710 a.
1114 2664 1189 2708 invito
1210 2664 1305 2709 domiuo
1324 2664 1405 2709 incen-

221 2749 288 2794 dium
306 2754 403 2797 veretur
423 2749 549 2805 acerbum3
569 2749 633 2808 quod
658 2755 740 2794 autern
763 2749 848 2802 iorum,
868 2748 893 2793 id
914 2752 952 2793 est
973 2749 1121 2795 vestibulum
1145 2753 1257 2812 sepulcri,
1277 2751 1404 2797 bustumre

222 2838 322 2896 usucapi
339 2840 415 2892 vetat,
435 2841 517 2880 tuetur
535 2837 572 2880 ius
594 2837 766 2896 sepulcrorum.
803 2827 876 2882 Fesi.
897 2827 941 2894 (P.
962 2831 1008 2889 84)
1036 2837 1125 2884 Forum
1149 2853 1192 2884 sex
1215 2839 1291 2884 modis
1309 2839 1405 2884 intelle·

222 2924 300 2981 gitur:
319 2925 395 2984 primo
414 2925 584 2981 negotiationis
603 2927 669 2970 locus
687 2941 730 2982 —3
751 2925 810 2979 clio,
829 2925 913 2985 inquo
932 2924 1022 2970 iudicia
1034 2925 1093 2981 fieri,
1113 2941 1166 2972 curn
1182 2927 1269 2987 populo
1284 2927 1331 2986 agi,
1349 2941 1405 2972 con-

221 3012 299 3056 tiones
318 3011 403 3056 haberi
421 3013 511 3068 soleut;
541 3013 621 3068 tertio,
641 3025 696 3056 cum
715 3013 743 3066 is,
763 3011 805 3072 qui
830 3012 966 3071 provinciae
992 3017 1096 3071 praeest,
1116 3013 1192 3059 iorum
1213 3027 1285 3070 agere
1308 3013 1402 3069 dicitur,

220 3110 275 3146 'cum
300 3101 412 3146 civitates
437 3091 508 3146 vocat
533 3105 557 3144 et
582 3100 612 3144 de
631 3099 804 3145 controversiis
833 3112 915 3144 eorum
933 3101 1065 3158 cognoscit;
1095 3106 1190 3160 quarto,
1210 3113 1264 3145 cunr
1282 3101 1307 3145 id
1326 3101 1403 3144 lorum

221 3188 315 3248 antiqui
341 3187 512 3248 appellabant,
542 3187 606 3248 quod
635 3200 697 3232 nunc
724 3186 871 3231 vestibulum
899 3188 1003 3248 sepulcri
1026 3188 1101 3233 dicari
1125 3189 1187 3232 solet
1209 3185 1254 3235 cet.
1293 3179 1337 3246 (P.
1355 3183 1402 3244 32)

221 3274 321 3320 Bustum
341 3252 439 3336 proprie
454 3274 542 3320 dicitur
560 3275 633 3325 locus,
653 3275 740 3334 inquo
757 3277 865 3318 mortuus
883 3279 921 3318 est
935 3274 1073 3320 combustas
1093 3283 1119 3320 et
1131 3277 1248 3334 sepultus,
1268 3274 1403 3334 diciturque

221 3361 318 3407 bustum
337 3363 408 3422 quasi
428 3363 489 3408 bene
507 3366 588 3406 uatum
608 3354 679 3420 (bene
693 3361 784 3406 iustum
799 3353 860 3422 Μ),
880 3361 921 3406 ubi
939 3375 996 3407 vero
1005 3363 1143 3407 combustus
1162 3362 1215 3422 quis
1228 3361 1403 3415 tautummodo,

219 3451 279 3496 aiibi
299 3465 355 3496 vero
374 3455 412 3495 est
430 3452 546 3512 sepultus,
566 3450 586 3494 is
606 3452 671 3494 locus
691 3450 722 3494 ab
735 3449 827 3493 urendo
846 3449 940 3493 ustrina
958 3445 1059 3504 (ostrina
1072 3439 1124 3506 M.)
1143 3453 1256 3505 vocatur;
1276 3448 1318 3492 sed
1332 3447 1401 3492 modo

220 3539 294 3584 busta
315 3538 395 3595 (modo
415 3538 503 3583 obusta
521 3531 566 3600 Μ.)
586 3540 696 3598 sepulcra
715 3538 877 3598 appellamus.

289 3625 332 3670 XI.
354 3626 376 3669 1.
415 3617 456 3685 Of.
476 3617 558 3670 Dion.
578 3618 702 3687 (1⁰,60):
722 3622 746 3669 oi
765 3620 795 3668 δὲ
813 3621 871 3682 περὶ
890 3620 933 3667 τὸν
951 3617 1064 3668 Ἄππιον
1083 3619 1143 3681 τοὺς
1161 3619 1269 3680 λοιποὺς
1288 3620 1402 3684 συγγρά-

219 3709 315 3772 ψαντες
333 3709 427 3770 νόμους
446 3709 473 3756 ἐν
492 3709 594 3769 δέλτοις
612 3709 668 3758 boot
690 3710 737 3756 aar
755 3707 853 3767 τούτοις
880 3712 936 3768 ταῖς
955 3708 1079 3769 πρότερον
1099 3706 1292 3770 {revertebar
1310 3709 1401 3770 aptos-

218 3793 376 3860 banarges
396 3791 438 3856 αῖς
462 3793 571 3860 ratitos
591 3796 605 3844 ὁ
626 3796 705 3858 νόμος
722 3789 762 3859 ἦν,
791 3794 826 3858 μὴ
848 3795 944 3853 ἐξεῖναι
962 3798 1014 3854 τοῖς
1032 3795 1175 3857 πατρικίοις
1193 3795 1258 3856 πρὸς
1277 3793 1338 3854 τοὺς
1356 3795 1402 3857 δη-

219 3884 343 3948 μοτικοὺς
367 3885 509 3948 ἐπιγαμίας
527 3885 649 3947 συνάψαι.
689 3879 750 3932 Leo.
772 3882 884 3946 (4‚4‚5):
911 3886 961 3931 Hoc
979 3887 1071 3946 ipsum,
1097 3900 1126 3930 ne
1145 3886 1273 3932 conubium
1292 3885 1401 3946 patribus

218 3989 271 4021 curn
295 3977 365 4037 plebe
391 3981 466 4030 esset,
494 3991 541 4021 non
565 3976 634 4020 Xviri
663 3977 771 4020 tulerunt
799 3975 883 4032 paucis
910 3973 948 4017 his
966 3974 1035 4017 annis
1054 3975 1157 4033 pessimo
1176 3975 1287 4034 exemplo
1306 3972 1401 4032 publico

218 4077 272 4110 curn
294 4077 387 4110 summa
410 4064 498 4109 iniuria
524 4064 617 4124 plebis?
655 4054 715 4108 Gai.
741 4055 758 4108 l.
784 4053 825 4107 VI
856 4053 893 4106 ad
914 4051 981 4105 XII
1007 4051 1058 4120 (D.
1077 4055 1242 4120 50‚16,238):
1270 4059 1344 4104 Plebs
1363 4064 1402 4104 est

217 4152 292 4200 ceteri
310 4152 373 4197 cives
393 4153 443 4196 sine
463 4150 622 4196 senatoribus.

288 4239 311 4284 2.
347 4229 483 4284 Macrobii
506 4232 592 4283 locum
616 4248 633 4282 a
652 4229 730 4282 Gora.
751 4235 775 4282 et
794 4229 882 4282 Dirc.
901 4230 1026 4282 reiectam
1043 4228 1191 4282 vindicavit
1209 4227 1271 4279 bair
1290 4226 1401 4279 tabulae

218 4316 274 4370 Mc.
295 4317 391 4372 Otroia.
404 4322 512 4385 31‚210‚·
532 4317 740 4385 0.1.L.1,361.
766 4315 808 4384 Cf.
822 4316 888 4385 Lep.
906 4315 984 4370 Rom.
998 4318 1022 4368 6.
1051 4315 1139 4368 Mucr.
1154 4320 1215 4381 (sut.
1231 4315 1401 4380 1‚13‚12.15).·

218 4414 317 4458 alternis
341 4413 409 4458 aunis
431 4413 499 4458 binos
518 4417 541 4456 et
561 4414 670 4468 vicenos,
697 4413 798 4456 alternis
817 4417 898 4457 ternos
927 4412 1071 4471 vicenosque
1090 4409 1274 4456 intercalabant
1293 4430 1325 4439 -
1347 4411 1402 4468 post

217 4500 353 4546 vicesimum
379 4508 403 4546 et
427 4501 525 4546 tertium
548 4501 611 4546 diem
635 4501 686 4546 eius
710 4495 857 4559 (Februarii)
882 4498 1076 4553 intercalabant,
1108 4496 1283 4565 terminalibus
1305 4495 1401 4540 scilicet
