3382 5248
556 422 558 426 .
674 369 729 426 Lex
748 371 822 426 Iulia
841 371 964 440 agraria.
1347 377 1388 442 97

306 549 345 613 K.
379 549 413 614 L.
438 548 512 613 llll.
559 548 621 624 Qui
645 549 762 612 limites
793 548 1020 632 decumaniquc
1051 548 1111 614 hac
1139 549 1390 634 lege1deducri¹

212 659 316 732 erunt,
341 675 559 738 quaecumque
582 653 688 718 fossae
710 653 877 718 limitales⁸
901 653 935 718 in
959 675 995 718 eo
1019 675 1095 738 agro
1118 659 1221 732 erunt,
1244 657 1298 740 qui
1314 677 1390 742 ager

213 759 273 823 hac
295 759 383 844 lege*
407 760 499 823 datus
523 759 710 842 adsignatus
726 757 797 834 erit,
822 757 948 840 nequis
965 755 1166 823 eos⁶limites
1184 760 1389 826 decumanos·

212 862 290 948 que⁸
316 864 483 948 obsaeptos
506 885 585 928 nere
609 863 682 946 quid
707 861 740 924 in
757 860 801 925 eis
817 857 983 924 molitum⁷
1009 882 1087 926 neve
1107 864 1183 946 quid
1197 863 1244 927 ibi
1258 887 1391 951 opsaep·

213 969 299 1034 tum8
327 969 462 1048 habeto,
494 988 572 1032 neve
600 987 653 1030 eos
682 970 788 1043 arato,
823 987 901 1030 neve
933 965 994 1029 eis⁹
1017 965 1119 1030 fossas
1143 973 1293 1051 opturata
1315 993 1393 1036 neve

214 1073 423 1158 opsaepit0¹⁰‚
449 1073 618 1157 quominus
641 1093 698 1134 suo
721 1071 835 1134 itinere
850 1093 933 1154 aqua
948 1072 994 1134 ire
1014 1069 1112 1134 fluere
1126 1073 1236 1155 possit.
1271 1073 1305 1140 Si
1321 1076 1392 1160 quis

214 1181 364 1244 adversus
396 1202 432 1242 ea
455 1177 529 1263 quid
561 1177 685 1254 fecerit,
716 1174 775 1239 is¹¹
801 1175 834 1238 in
862 1196 911 1238 ree
935 1173 1087 1258 singulas,
1111 1177 1393 1263 quotienscumque

216 1282 338 1363 lecerit,
363 1283 410 1346 Hs
433 1280 529 1346 fuist
553 1283 672 1346 colonis
695 1281 946 1364 municipibusve
969 1285 1022 1360 eis,
1045 1281 1079 1344 in
1102 1304 1237 1366 quorum
1261 1307 1339 1370 agro
1362 1287 1395 1350 id

215 1391 335 1454 factum
360 1386 465 1466 erit¹³‚
497 1389 571 1452 dare
594 1388 725 1452 damnas
753 1392 829 1464 esto,
862 1387 991 1470 eiusque
1015 1387 1200 1470 pecuniae¹⁴
1227 1389 1282 1472 qui
1310 1391 1394 1454 volet

213 1494 330 1579 petitio
353 1493 414 1556 hac
436 1491 539 1578 lege¹⁶
564 1497 641 1557 esto.
940 1477 941 1480 ¹

304 1599 345 1663 K.
361 1598 395 1662 L.
408 1597 448 1664 V.
477 1597 539 1673 Qui
554 1597 614 1661 hac
630 1600 700 1682 lege
717 1595 872 1661 coloniam
889 1595 1062 1670 deduxerit,
1080 1597 1285 1681 municipium
1301 1621 1393 1682 prae·

218 1705 371 1770 facturam
394 1702 501 1766 forum
516 1700 795 1766 conciliabulum¹⁰
813 1699 1073 1779 constituentia
1090 1723 1126 1764 eo
1142 1723 1230 1784 agro,
1248 1704 1302 1787 qui
1318 1724 1395 1789 ager

217 1810 303 1872 intra
325 1807 403 1871 fines
422 1805 522 1872 eius¹⁷
546 1807 687 1871 coloniae
702 1805 867 1890 municipii
884 1804 947 1868 fori
963 1806 1164 1870 conciliabuli
1181 1807 1395 1890 praefecturae

217 1913 288 1992 erit,
311 1913 431 1976 limites
455 1911 682 1994 decumanique
707 1916 743 1973 ut
766 1911 846 1974 fiant
868 1908 1059 1993 terminique
1074 1915 1257 1975 statuantur
1272 1915 1396 1978 curato:

217 2017 394 2102 quosque¹8
412 2017 491 2080 fines
507 2018 554 2080 ita
568 2015 726 2092 statuerit,
743 2015 800 2078 ii1⁹
817 2015 895 2078 fines
911 2035 1019 2079 eorum
1035 2021 1139 2095 sunto,
1161 2017 1236 2080 dum
1251 2040 1291 2082 ne
1307 2023 1397 2086 extra

217 2144 332 2206 agrum
365 2122 542 2186 colonicum
565 2117 838 2184 territoriumve²⁰
871 2119 948 2184 fines
974 2121 1076 2183 ducat.
1123 2120 1246 2204 Quique
1269 2123 1396 2186 termini

220 2227 281 2292 hac
303 2229 373 2312 lege
397 2226 511 2290 statuti
534 2229 637 2301 erunt,
663 2247 702 2288 ne
718 2224 789 2309 quis
805 2247 914 2289 eorum
930 2247 1024 2308 quem
1040 2225 1132 2288 eicite
1149 2247 1227 2289 neve
1242 2226 1311 2290 loco
1327 2249 1396 2290 mo-

218 2336 292 2396 reto
316 2332 417 2396 sciens
441 2331 514 2396 dolo
538 2331 633 2394 malo.
680 2328 714 2394 Si
739 2330 809 2414 quis
833 2329 980 2393 adversus
1004 2329 1192 2407 certauerit,
1224 2330 1252 2392 is
1275 2331 1308 2392 in
1331 2334 1396 2394 ter-

219 2437 322 2500 minos
346 2436 509 2522 singulos,
541 2457 620 2518 quos
645 2434 772 2498 eiecerit
794 2434 902 2498 locove
925 2434 1062 2498 moverit
1085 2433 1185 2498 sciens
1207 2435 1280 2499 dolo
1303 2437 1397 2513 malo,

220 2539 326 2605 HSV
358 2541 473 2623 m(ilia)
506 2541 699 2622 n(ummum)
729 2539 771 2618 in,
793 2538 954 2623 publicum
990 2561 1114 2617 eorum,
1148 2561 1282 2624 quorum
1313 2540 1398 2604 intra

219 2645 300 2709 fines
332 2647 359 2709 is
384 2667 460 2728 ager
482 2645 559 2723 erit,
593 2646 667 2709 dare
690 2645 821 2707 damnas
845 2641 959 2718 est0⁹¹3
994 2645 1094 2728 deque
1117 2667 1154 2710 ea
1176 2669 1210 2710 re
1233 2647 1398 2724 curatoris,

219 2751 277 2835 qui
299 2751 359 2814 hac
380 2749 452 2835 lege
475 2752 550 2828 erit,
586 2749 664 2813 iuris
697 2749 794 2812 dictio
819 2749 1128 2834 reciperatorumque
1151 2751 1237 2816 datio
1261 2750 1398 2815 addictio

220 2860 298 2920 esto.
344 2855 424 2920 Cum
454 2861 581 2920 curator
611 2855 672 2919 hac
701 2855 771 2939 lege
794 2877 858 2918 non
882 2855 957 2932 erit,
989 2859 1058 2918 tum
1082 2856 1272 2940 quicumque
1294 2857 1397 2941 magi·

219 2965 341 3025 stratus
373 2962 407 3024 in
437 2983 474 3026 ea
502 2961 626 3024 colonia
656 2959 830 3042 municipio
864 2959 1064 3042 praefectura
1097 2961 1167 3024 foro
1190 2960 1399 3024 conciliabulo

220 3063 290 3129 iure
313 3065 447 3130 dicundo
469 3065 617 3148 praeerit,
650 3065 716 3128 eius
743 3064 952 3149 magistratus
977 3064 1015 3128 de
1038 3085 1074 3127 ea
1096 3087 1130 3128 re
1153 3065 1327 3128 iurisdictio
1350 3065 1399 3128 iu-

219 3169 362 3252 diciaque
390 3172 477 3236 datio
504 3171 640 3234 addictio
665 3173 758 3246 est0;
793 3171 891 3253 inque
914 3191 983 3232 eam
1006 3191 1072 3232 rem
1096 3169 1138 3246 is,
1163 3169 1227 3252 qui
1249 3170 1309 3234 hac
1331 3169 1400 3253 lege

222 3271 374 3338 indicium
408 3275 542 3351 dederit,
574 3273 709 3338 testibus
744 3273 870 3356 publice
904 3273 1078 3336 dumtaxat
1111 3273 1145 3336 in
1177 3295 1226 3337 res
1258 3272 1400 3356 singulas

296 3474 321 3539 l)
345 3475 399 3529 hac
415 3475 491 3548 lege]
521 3479 598 3532 intra
617 3480 684 3534 fines
704 3480 832 3536 coloniae
851 3479 1007 3536 Genetivae
1026 3478 1092 3533 Gerr.
1111 3509 1144 3519 -
1164 3480 1191 3549 2)
1211 3480 1333 3548 factique
1350 3481 1401 3533 ina.

222 3557 290 3616 Gerr.
318 3593 352 3600 -
381 3565 409 3631 3)
427 3563 531 3618 limites
550 3567 618 3619 libri.
650 3597 683 3606 -
710 3569 739 3636 4)
757 3568 805 3636 qui
825 3599 858 3608 -
877 3567 951 3638 lege]
976 3567 1024 3635 qui
1046 3567 1124 3621 iussu
1144 3566 1172 3620 Ο.
1194 3566 1319 3622 Caesaris
1337 3566 1402 3622 dict.

223 3647 291 3716 imp.
317 3652 346 3703 et
372 3649 434 3719 lege
458 3652 583 3708 Antonia
609 3656 698 3707 senat.
717 3671 771 3723 que
789 3671 812 3708 c.
831 3656 868 3724 pl.
889 3672 943 3723 que
962 3671 997 3708 sc.
1018 3671 1087 3723 ager
1105 3653 1171 3708 Gerr.
1190 3685 1222 3698 —
1243 3658 1269 3718 5)
1288 3671 1333 3710 eos
1352 3673 1401 3709 om.

223 3733 291 3788 Gerr.
316 3765 348 3774 -
377 3737 404 3808 6)
423 3737 644 3809 decumanosque
664 3739 745 3808 Gen,
775 3741 978 3797 decumanosne
997 3743 1151 3796 cimilitcrrre
1169 3743 1233 3796 libri
1249 3745 1350 3814 scripti.
1368 3775 1403 3782 —

137 3816 140 3823 '
226 3823 251 3888 1)
272 3821 301 3874 iu
321 3823 360 3877 eis
378 3823 455 3894 mol]
474 3825 644 3881 immolitum
663 3826 730 3881 Gen.
752 3857 785 3868 —
804 3828 831 3898 8)
850 3828 1012 3897 oppositum
1029 3829 1098 3883 libri.
1117 3860 1152 3870 -
1173 3831 1201 3898 9)
1221 3829 1260 3884 cis
1279 3831 1342 3884 libri
1352 3847 1402 3884 me·

223 3909 304 3965 liores
321 3917 346 3966 et
367 3911 432 3966 Gerr.
443 3931 452 3979 ;
469 3914 615 3982 requiritur
634 3929 680 3968 eas
699 3913 739 3968 cel
760 3913 831 3982 quis.
852 3945 879 3954 -
905 3914 949 3983 10)
972 3917 1126 3986 opsaepito]
1146 3917 1194 3986 qui
1207 3919 1314 3986 saepito
1333 3919 1403 3972 libri.

226 4026 261 4037 -
286 3999 328 4066 11)
347 3999 370 4054 ie
390 4016 439 4054 om.
460 4001 528 4055 libri.
557 4000 664 4071 ³12)
686 4001 731 4054 Hs
750 4013 790 4058 00
812 4001 877 4056 Gerr.
905 4033 940 4042 -
969 4002 1012 4072 13)
1039 4003 1142 4058 colonis
1160 4033 1194 4042 —
1213 4004 1320 4058 factum
1339 4005 1404 4076 erit]

225 4087 355 4158 clolonis)
373 4087 448 4158 clol.)
466 4087 556 4158 G(en.)
568 4089 642 4157 I(ul.)
664 4088 730 4142 Gerr.
748 4117 783 4128 -
803 4091 846 4158 14)
859 4091 972 4160 eiusque
985 4091 1129 4161 pecuniae]
1144 4092 1315 4161 pecuniaque
1334 4094 1403 4148 liora

228 4203 261 4212 -ν
282 4175 325 4242 15)
343 4175 396 4228 hac
410 4175 480 4244 lege]
499 4175 707 4246 persecutioque
726 4176 793 4230 Gerr.
814 4208 847 4218 -
868 4179 912 4248 16)
931 4178 1120 4234 conciliabula
1134 4179 1203 4234 libri.
1223 4209 1256 4218 —
1277 4181 1321 4248 11)
1334 4181 1404 4234 eius-

226 4260 274 4328 qui
294 4263 335 4316 cel
353 4261 483 4329 eiusquae
501 4263 571 4316 libri.
597 4292 630 4302 -
657 4263 702 4331 18)
719 4279 829 4332 quoque
847 4265 888 4318 cel
908 4265 1011 4335 quique
1030 4265 1101 4317 libri.
1127 4297 1159 4306 -
1190 4266 1231 4334 19)
1251 4266 1281 4334 ii]
1300 4265 1324 4318 si
1342 4267 1408 4320 libri

226 4347 286 4414 alli,
304 4348 355 4402 olid
372 4364 422 4404 cor.
454 4381 485 4389 —
514 4349 560 4420 20)
579 4349 623 4420 ve]
644 4352 677 4404 ut
696 4351 761 4404 libri
777 4353 835 4420 alid,
854 4354 906 4406 alii
922 4369 971 4407 om.
995 4383 1030 4392 --
1049 4352 1094 4420 11)
1112 4351 1178 4404 dare
1197 4351 1314 4405 damnas
1333 4354 1404 4424 esto]

228 4431 327 4490 adesto
346 4437 415 4492 lrlrrc'.

274 4547 365 4604 Bevus,
385 4549 473 4595 Fontes
492 4551 560 4596 iuris.
588 4551 633 4596 ed.
653 4550 698 4596 VI.
1170 4527 1195 4576 '7
