3400 5250
292 383 354 448 194
670 338 673 344 ’
757 373 806 428 SC.
827 374 1002 440 [uncianum.

261 558 390 622 -faoere
422 552 598 639 oportebit,
632 571 696 614 non
728 548 840 626 feeerit
872 549 968 614 huius
992 550 1073 635 legis
1098 553 1168 632 (³⁷)
1192 573 1287 638 ergo,
1323 555 1354 617 id
1378 555 1407 619 ei
1431 577 1470 620 ne

288 661 392 726 fraudi
425 664 508 734 esto,
544 678 622 720 neve
654 654 725 739 quit
748 655 788 718 ob
812 677 881 718 eam
905 677 972 720 rem
995 655 1114 739 populo
1138 657 1214 722 dare
1238 657 1370 737 debeto,
1402 661 1473 744 (⁸⁸)

288 787 365 831 neve
388 765 438 830 eui
462 765 500 828 de
523 785 560 827 ea
582 783 616 826 re
639 761 722 827 aetio
746 781 823 824 neve
846 758 999 822 iudicatio
1022 764 1102 838 esto,
1126 781 1205 824 neve
1229 763 1300 845 quis
1324 763 1362 827 de
1385 787 1421 828 ea
1437 787 1471 829 re

289 871 371 954 apud
396 872 465 952 (³⁹)
492 867 557 952 [s]e
580 867 634 952 agi
657 865 763 928 sinito.
787 883 833 928 ω
849 873 860 935 :t

507 1043 558 1107 54.
592 1039 657 1103 SC.
682 1037 1034 1102 Macedonianum
1059 1063 1086 1104 a.
1112 1039 1253 1104 rsa-79.

369 1183 419 1257 (1).
442 1183 551 1250 14,6,1.
593 1180 639 1237 Da
660 1181 755 1236 aetate
779 1176 854 1236 sau
874 1177 927 1234 boo
949 1177 1012 1236 loeo
1034 1179 1078 1236 uit
1099 1178 1210 1236 dietum
1232 1185 1291 1238 est:
1321 1181 1373 1239 sed
1395 1183 1475 1254 quod

291 1280 335 1337 ait
356 1277 514 1336 Suetonius
542 1274 625 1348 Vesp.
648 1280 704 1333 11:
734 1275 846 1332 Auctor
867 1273 984 1331 senatui
1005 1274 1065 1334 fuit
1087 1274 1200 1351 (Vesp.)
1222 1276 1409 1347 deremendi,
1437 1298 1474 1336 ne

293 1373 423 1432 filiorum
446 1369 627 1428 familiarum
650 1369 867 1428 feneratoribus
889 1369 1024 1446 exigendi
1045 1370 1149 1430 crediti
1169 1371 1217 1430 ius
1237 1391 1368 1448 unquam
1388 1377 1473 1440 esset,

289 1469 406 1529 uidetur
427 1469 462 1526 de
483 1467 537 1526 hoo
553 1465 609 1525 SC.
631 1467 860 1540 inteilepeudum
882 1483 950 1535 esse,
973 1485 1152 1540 quamquam
1173 1471 1284 1527 similia
1305 1472 1365 1528 iam
1386 1476 1475 1528 aratra

290 1570 410 1625 auctore
435 1563 562 1622 Claudio
584 1563 700 1620 decreta
720 1567 790 1620 suut
811 1561 948 1635 (Tacitus
973 1579 1046 1622 ann.
1065 1563 1175 1637 11,13).
1223 1564 1289 1637 Uip.
1318 1567 1336 1623 I.
1359 1565 1477 1624 XXIX

291 1663 331 1719 ad
349 1661 409 1718 act:
434 1657 531 1716 Verba
551 1655 619 1715 sati
640 1655 842 1716 Macedoniani
864 1658 932 1715 haec
954 1659 1052 1732 sunt:)

378 1755 457 1820 Cum
481 1755 565 1819 inter
588 1759 708 1818 ceteras
732 1755 858 1819 sceleris
881 1777 992 1820 oausas
1016 1754 1158 1834 Masada,
1182 1778 1262 1840 quas
1286 1757 1334 1820 illi
1358 1761 1473 1821 natura

217 1899 221 1908 ·
291 1861 546 1939 administrabat,
571 1860 668 1924 etiam
691 1878 743 1922 aes
767 1857 906 1922 alienum
930 1858 1129 1924 adhibuisset
1146 1863 1178 1923 et
1192 1880 1287 1943 saepe
1303 1860 1471 1924 materiam

291 1965 440 2052 peeoaudi
456 1964 549 2029 malis
564 1963 707 2028 moribus
723 1965 910 2046 praestaret,
934 1961 990 2046 qui
1006 1964 1170 2046 pecuniam
1188 1987 1227 2028 ne
1243 1965 1319 2048 quid
1335 1965 1473 2049 amplius

292 2072 449 2136 diceretur
473 2069 603 2134 incertis
626 2067 811 2132 nominibus
835 2068 993 2132 crederet:
1026 2068 1157 2152 plaeere,
1181 2092 1221 2133 ne
1244 2070 1303 2149 oui,
1329 2072 1385 2155 qui
1408 2069 1475 2134 filio

291 2175 430 2240 familias
454 2178 598 2238 mutuam
621 2173 789 2257 pecuniam
809 2173 956 2250 dedisset,
981 2173 1077 2237 etiam
1093 2177 1317 2256 postmortem
1333 2175 1475 2258 parentis

292 2281 368 2358 eius,
394 2279 483 2345 ouius
505 2279 536 2342 iu
562 2281 721 2362 potestate
745 2277 867 2355 fuisset,
893 2275 975 2341 actio
995 2277 1174 2362 petitioque
1190 2279 1334 2343 daretur:
1358 2284 1396 2343 ut
1410 2279 1473 2343 soi·

292 2390 363 2450 r'ent
386 2385 441 2470 qui
464 2387 600 2468 pessimo
623 2384 765 2466 exemplo
782 2383 992 2460 faenerarent,
1018 2381 1138 2446 nullius
1155 2404 1246 2467 posse
1262 2382 1474 2447 filiifamilias

292 2489 411 2554 bonum
435 2511 550 2553 nomen
574 2491 757 2570 exspectata
780 2486 881 2569 patris
906 2490 1008 2550 morte
1027 2485 1106 2550 fieri.

556 2663 608 2726 55.
644 2659 707 2724 SC.
734 2659 1000 2724 Rubrianum
1023 2683 1051 2724 a.
1079 2660 1204 2744 losa).

373 2803 423 2872 (D.
446 2805 612 2870 40,5,26,7.
654 2800 762 2858 Annus
784 2803 913 2858 iuuentus
934 2805 983 2868 est,
1006 2817 1072 2858 aum
1092 2801 1226 2859 sousuies
1246 2803 1392 2861 nominati
1412 2803 1477 2875 suf-

293 2899 363 2970 taoti
383 2900 463 2969 siut,·
484 2915 510 2955 a.
533 2899 594 2954 103
613 2897 770 2970 proposuit
791 2895 853 2952 Mo.
875 2895 998 2955 Forsab.
1021 2897 1098 2962 1,51.
1140 2895 1289 2968 Ulpianus
1311 2899 1329 2957 t.
1348 2897 1376 2955 V
1392 2899 1476 2970 fidei·

294 2994 533 3050 commissorum:
563 2991 749 3050 Subveutum
781 2989 970 3048 libertatibus
1001 2992 1048 3049 est
1074 2987 1162 3058 sato,
1191 2990 1271 3064 quod
1296 2991 1475 3052 factumest

293 3086 478 3162 temporibus
499 3085 561 3146 divi
582 3085 704 3144 Traiani
725 3083 839 3142 Rubrio
861 3082 945 3142 Gallo
966 3083 1106 3144 etCaelio
1124 3083 1267 3160 Hispone²
1287 3105 1344 3146 ros.
1360 3089 1391 3146 in
1405 3089 1475 3147 haee

313 3184 398 3243 orba:

294 3205 311 3244 v
381 3185 415 3346 Si
438 3281 482 3360 hi,
506 3281 656 3365 aquibus
678 3279 860 3344 libertatem
878 3278 1034 3362 praestari
1050 3283 1188 3362 oportet,
1209 3280 1329 3346 evocati
1347 3302 1366 3344 a
1381 3303 1474 3363 prae·

293 3393 362 3452 tore
394 3389 502 3452 adesse
533 3387 724 3463 noluissent,
758 3385 785 3448 si
808 3404 903 3447 eausa
934 3381 1065 3468 cognita
1088 3387 1216 3466 praetor
1238 3385 1477 3466 pronuntiasset

294 3494 475 3558 libertatem
500 3491 550 3554 hie
573 3488 690 3565 deberi,
721 3490 831 3553 eodem
856 3489 925 3552 iure
948 3491 1068 3552 statum
1091 3488 1223 3566 servari,
1247 3510 1283 3552 ao
1307 3490 1333 3552 si
1357 3491 1477 3555 directo
1537 3529 1545 3538 -

295 3598 481 3662 manumissi
506 3602 619 3660 essent.

597 3770 648 3833 56.
685 3767 746 3834 SC.
771 3767 1015 3833 Iuncianum
1041 3792 1068 3832 a.
1096 3769 1167 3834 127.

375 3911 425 3987 (D.
449 3912 615 3978 rosade.
664 3910 812 3984 Ulpianus
841 3912 858 3968 t.
888 3909 916 3967 V
937 3909 1250 3980 fideicommissorum:
1279 3908 1401 3969 Factum
1433 3916 1477 3971 est

297 4005 359 4075 SC,
381 4005 509 4064 Aemilia
530 4005 621 4064 Iunco
642 4010 673 4064 et
694 4005 771 4064 Iulio
792 4006 899 4065 Severo
921 4023 988 4073 eos,
1012 4004 1042 4062 in
1063 4005 1134 4063 haee
1154 4004 1273 4082 verbaz)

383 4103 521 4180 Placere,
547 4102 612 4188 [ut]
637 4105 758 4188 siquis
783 4126 821 4168 ex
847 4102 908 4180 his,
933 4102 988 4185 qui
1004 4101 1279 4190 fideicommissam
1295 4101 1477 4168 libertatem

296 4229 334 4272 ex
358 4229 556 4292 quacumque
584 4231 678 4272 eausa
701 4209 852 4273 deberent
875 4229 984 4282 serve,
1018 4207 1072 4291 qui
1097 4208 1209 4272 mortis
1233 4213 1375 4291 tempore
1399 4210 1475 4286 eius,

369 4318 547 4415 imm.
566 4350 624 4412 4,9:
643 4347 745 4416 Caepio
765 4345 859 4415 Hispo.
897 4345 942 4400 Or.
963 4349 1050 4400 3670:
1069 4345 1201 4416 Caepioni
1215 4345 1333 4415 Hispani
1353 4365 1405 4402 cos.
1435 4347 1479 4415 Of.

297 4432 353 4486 Ma.
374 4434 390 4486 l.
410 4435 427 4488 i.

1690 4277 1693 4350 ⁴
