3400 5250
705 394 752 450 SC.
771 394 977 450 Iuventianum.
1366 393 1427 464 195
1510 380 1516 392 ἱ

246 574 305 657 qui
328 574 466 658 rogavit,
496 595 560 636 non
582 569 709 648 fuerit¹,
733 571 841 634 adesse
865 569 1055 653 negabitur:
1087 574 1215 653 praetor
1238 579 1426 658 coguroscat;

246 684 281 742 et
304 679 387 742 siin
410 699 448 741 ea
470 698 565 741 eausa
584 697 650 740 esse
674 675 849 752 videbitur,
882 679 934 752 ut,
967 674 994 737 si
1018 696 1165 758 praesens
1189 681 1427 758 esset„1nanu-

250 783 378 848 mittere
400 781 473 866 cogi
495 781 639 846 deberet:
663 778 696 844 id
718 779 766 844 ita
789 801 856 844 esse
879 781 1075 863 pronuntiet.
1121 779 1263 865 Cumque
1285 783 1331 846 ita
1354 805 1428 866 pro·

251 871 447 962 nuntiasset,
470 886 555 950 idem
578 885 657 948 iuris
680 885 757 962 erit,
790 884 875 970 quod
898 889 994 962 esset,
1018 885 1044 948 si
1068 885 1124 964 ita,
1149 889 1185 949 ut
1207 909 1245 952 ex
1268 887 1428 952 fideicom-

246 991 347 1056 missa
370 990 554 1056 manumitti
577 991 748 1067 debuisset,
772 988 985 1052 manumissus
1009 993 1099 1054 esset.

532 1169 583 1233 57.
618 1166 683 1232 SC.
709 1166 1003 1231 lorentianum
1028 1189 1055 1230 a.
1082 1166 1153 1230 129.

330 1325 380 1402 (D.
404 1329 548 1395 5‚3,20‚6·.
586 1327 733 1398 Ulpianus
756 1327 773 1383 i.
798 1325 864 1383 XV
880 1325 921 1382 ud
935 1325 1079 1383 edictum:
1099 1357 1136 1366 -
1158 1324 1193 1382 de
1215 1327 1358 1400 petitione
1379 1329 1428 1386 he·

250 1420 386 1480 ruditatis
407 1456 444 1465 -
465 1442 532 1482 cum
554 1421 649 1481 forma
662 1420 736 1480 soro
759 1421 800 1479 sit
819 1420 897 1489 data,
919 1420 1065 1494 optimum
1087 1423 1133 1478 est
1146 1420 1241 1495 ipsius
1256 1421 1323 1481 scri
1338 1423 1427 1483 inter·

152 1549 154 1553 ·
250 1517 446 1594 pretationem
467 1517 572 1586 facere,
593 1515 691 1576 verbis
713 1516 777 1574 eius
797 1515 928 1590 relatis2)

336 1616 444 1681 Pridie
467 1616 537 1680 idus
561 1614 694 1680 Martias
718 1613 754 1690 Q.
779 1612 880 1691 lulius
907 1614 1026 1678 Balbus
1057 1619 1088 1678 et
1112 1613 1147 1679 P.
1171 1615 1335 1681 Iuventius
1358 1618 1428 1684 Oel-

246 1745 304 1786 sus
327 1721 433 1786 Titius
458 1719 602 1784 Aufidius
626 1717 732 1784 Ocnus
749 1715 938 1782 Severianus
957 1718 1103 1782 consules
1121 1721 1217 1784 verba
1234 1721 1378 1786 iecerunt
1392 1725 1429 1788 de
1507 1762 1510 1766 ·

250 1827 311 1905 his,
344 1849 425 1910 quae
448 1827 622 1909 imperator
645 1822 760 1888 Caesar
784 1823 915 1886 Traiani
940 1822 1081 1888 Parthici
1104 1823 1189 1890 filius
1214 1826 1280 1891 divi
1304 1827 1430 1894 Nervae

249 1953 348 2015 nepos
371 1930 554 1996 Hadrianus
580 1931 746 2012 Augustus
769 1928 943 2010 imperator
959 1929 1179 2013 maximusque
1194 1933 1339 2016 princeps
1355 1957 1429 2018 pro-

251 2034 373 2118 posuit2
408 2037 520 2119 quinto
552 2055 652 2098 nonas
685 2032 819 2098 Martias
853 2055 934 2116 qnae
964 2034 1127 2116 proximae
1150 2036 1281 2100 fuerunt
1303 2037 1427 2103 libello³

215 2147 216 2150 ’
247 2139 434 2223 complexus
457 2144 549 2216 esset,
573 2138 650 2222 qnid
674 2137 744 2201 fieri
769 2138 908 2220 placeat3

338 2245 376 2310 de
399 2243 479 2329 qua⁴
504 2267 537 2308 re
559 2245 606 2307 ita
628 2246 834 2306 censuerunt:
864 2265 946 2320 eum,
971 2248 1142 2328 antequam
1165 2250 1271 2328 partes
1295 2250 1430 2315 caducae

247 2372 290 2416 ex
313 2348 404 2415 bonis
430 2349 553 2424 Rustici
575 2348 652 2412 fisco
677 2352 871 2431 peterentur,
895 2348 929 2411 hi
953 2349 1008 2432 qui
1032 2370 1065 2412 se
1088 2349 1218 2414 heredes
1238 2375 1305 2417 esse
1320 2356 1430 2419 existi-

208 2467 210 2473 '
250 2455 367 2530 mant⁶,
393 2455 600 2520 hereditatem
624 2453 840 2532 distraxerint,
865 2453 1004 2536 placere:
1028 2455 1174 2518 redactae
1197 2478 1234 2519 ex
1254 2457 1357 2540 pretio
1379 2481 1429 2524 re·

251 2583 322 2624 rum
353 2561 553 2624 venditarum
582 2558 732 2642 pecuniae
755 2581 868 2623 usuras
891 2581 954 2625 non
978 2581 1046 2624 esse
1065 2561 1253 2644 exigendam
1285 2563 1430 2648 idemque

246 2666 285 2729 in
308 2665 465 2734 similibus
495 2665 597 2729 causis
620 2665 819 2730 seruandum.
865 2662 946 2728 Item
980 2664 1117 2747 placere:
1156 2689 1175 2728 a
1198 2665 1313 2750 quibus
1329 2668 1428 2733 ‘here-

251 2771 335 2835 ditas
360 2770 460 2853 petita
482 2769 604 2848 fuisset,
627 2769 654 2832 si
671 2769 820 2834 adversus
839 2791 892 2834 eos
907 2770 1084 2834 iudicatum
1103 2776 1195 2850 esset,
1220 2755 1332 2856 pretia,
1350 2797 1430 2858 quac

248 2877 292 2940 ad
322 2898 374 2940 eos
405 2898 510 2940 rerum
544 2897 581 2939 ex
604 2874 781 2942 hereditate
807 2876 1005 2940 venditarum
1028 2878 1262 2958 pervenissent,
1294 2880 1353 2944 etsi
1376 2903 1430 2944 eae

249 2986 328 3044 ante
340 3007 342 3010 ·
350 2983 484 3066 petitam
500 2980 707 3046 hereditatem
724 2981 921 3065 deperissent
936 2981 1159 3046 deminutaeve
1173 2983 1317 3062 fuissent,
1337 2986 1429 3048 resti·

247 3091 340 3150 tuere
363 3087 485 3150 debere.
530 3084 626 3150 Item:
650 3107 712 3164 eos,
736 3087 791 3170 qui
815 3087 899 3150 bona
914 3087 1116 3165 invasissent,
1142 3088 1230 3152 cum⁶
1255 3089 1372 3152 scirent
1391 3091 1430 3153 ad

247 3215 284 3256 se
307 3212 371 3254 non
394 3191 567 3274 pertinere,
600 3192 722 3255 etiamsi
753 3195 826 3254 ante
849 3192 938 3254 litem
962 3195 1175 3256 contestatam
1198 3192 1340 3271 fecerint,
1365 3215 1428 3277 quo

253 3296 357 3361 minus
372 3295 577 3379 possiderent,
601 3294 732 3378 perinde
749 3296 1014 3373 condemnandos,
1031 3295 1125 3379 quasi
1140 3297 1353 3380 possiderent;
1378 3320 1431 3362 eos

247 3406 369 3481 autem,
394 3402 450 3485 qui
471 3400 571 3465 iustas
594 3421 705 3464 causas
728 3401 925 3479 habuissent,
950 3423 1048 3485 quare
1067 3401 1155 3465 bona
1170 3401 1208 3464 ad
1224 3424 1257 3465 se
1272 3403 1430 3484 pertinere

248 3508 502 3585 existimassent,
535 3528 634 3590 usque
666 3527 702 3570 eo
726 3505 909 3584 dumtaxat,
943 3528 1006 3590 quo
1029 3506 1253 3590 locupletiores
1277 3529 1315 3571 ex
1337 3530 1374 3574 ea
1397 3532 1430 3574 re

323 3691 349 3756 l)
368 3689 447 3758 isque
465 3690 515 3742 ius.
535 3688 598 3756 Dip.
607 3729 615 3755 ‚
644 3688 739 3741 deleuit
757 3687 815 3742 Mo.
840 3717 872 3726 —
891 3687 918 3758 2)
937 3688 1097 3742 Exordium
1109 3689 1302 3742 restituendum
1321 3697 1359 3744 est
1376 3693 1431 3746 itu:

251 3773 345 3830 Pridie
368 3775 430 3827 idus
456 3773 582 3830 Martias.
619 3773 697 3840 Quod
717 3775 747 3839 Q.
766 3773 855 3828 Iulius
874 3775 994 3841 Balbus,
1019 3775 1048 3830 P.
1070 3773 1218 3829 luventius
1237 3775 1332 3831 Celsus
1351 3777 1431 3832 Titus

247 3862 377 3916 Aufidius
396 3861 517 3916 Hoenins
535 3860 701 3917 Severianus
718 3879 773 3920 cos.
793 3881 819 3920 v.
829 3864 848 3916 f.
868 3864 902 3918 de
921 3865 964 3917 his
983 3881 1056 3934 quae
1078 3865 1146 3934 imp.
1163 3863 1274 3929 Caesar,
1293 3865 1350 3918 divi
1363 3865 1430 3919 Tra·

251 3948 310 4002 iani
328 3947 454 4003 Parthici
479 3949 497 4001 f.
518 3949 577 4002 divi
596 3949 706 4004 Nervae
725 3969 767 4014 n.,
794 3950 933 4005 Traianus
958 3951 1120 4006 Hadrianus
1144 3953 1289 4019 Augustus
1307 3952 1431 4020 optimus

251 4036 443 4104 maximusque
461 4036 588 4105 princeps
606 4037 713 4105 p(ater)
732 4036 866 4105 matriae)
885 4039 947 4106 (pro
964 4038 1109 4108 proposuit
1123 4039 1272 4106 Pithoeus).
1305 4037 1431 4092 Gousuiea

246 4124 304 4178 duo
322 4130 393 4191 suut,
412 4140 467 4177 uou
484 4129 619 4191 quattuor,
638 4123 668 4176 id
685 4124 758 4190 quod
771 4126 883 4192 putauit
901 4124 974 4178 Rud.
990 4125 1052 4179 Ru.
1064 4130 1158 4192 1,117,·
1176 4127 1244 4179 ulter
1261 4128 1431 4192 πολυώνυμος

245 4219 288 4265 est
305 4213 374 4266 sieut
392 4212 468 4280 infru
485 4213 516 4263 iu
528 4209 579 4264 SC.
599 4211 664 4278 Ray.
683 4210 724 4262 M.
744 4211 854 4265 Nouius
873 4212 1021 4266 Mucianus
1039 4214 1088 4279 (cf.
1102 4213 1158 4266 Mo.
1178 4212 1290 4266 Hermes
1307 4213 1386 4280 3,75).
1397 4243 1429 4250 -

251 4299 280 4369 3)
298 4299 396 4361 oratio,
416 4299 434 4351 i.
455 4301 493 4352 22
511 4304 536 4350 et
553 4301 589 4350 40
607 4298 632 4349 li.
652 4304 669 4350 i.
693 4327 723 4336 -
744 4298 773 4368 4)
791 4315 861 4352 corr.
880 4316 920 4353 ea.
940 4329 975 4349 ,-·-
993 4302 1021 4365 5)
1040 4300 1074 4354 L.
1093 4303 1226 4364 20§12.·
1255 4299 1298 4353 ita
1316 4303 1431 4354 senatus

251 4385 360 4440 loeutus
378 4395 434 4440 eet:
455 4386 574 4456 ‘eosqui
593 4415 627 4424 -
645 4385 872 4442 existimassent.
894 4416 926 4424 —
946 4389 973 4454 6)
992 4387 1026 4440 L.
1045 4391 1080 4440 25
1101 4391 1165 4452 §fir
1189 4385 1230 4438 ait
1251 4387 1377 4442 senatus:
1396 4417 1430 4426 -

247 4473 326 4528 bona
347 4503 375 4511 —
397 4489 486 4542 quae
504 4473 615 4528 scirent.

1169 4559 1224 4614 13*
