3400 5250
315 368 378 432 192
695 366 743 422 SC.
762 367 797 422 de
814 367 931 437 imperio
949 367 1124 439 Vespasiani.

314 543 416 608 sione¹
450 543 517 608 sive
552 567 616 628 per,
640 567 674 609 se
702 546 769 609 sive
800 567 871 610 oum
896 546 983 630 agris
1006 547 1281 630 vendiolldisset,
1306 553 1343 613 ut
1365 550 1501 632 emptori

317 649 385 712 sine
407 649 522 714 frauda
545 673 603 715 sua
626 672 664 714 ea
686 651 847 716 destruere
870 651 1047 735 tollereque
1062 652 1188 730 lioeret3
1215 652 1283 736 (41)
1307 653 1498 718 infuturum

315 757 422 818 autem
445 753 660 820 admonendos
683 761 803 820 eeteros
827 777 904 833 esse,
932 761 968 820 nt
994 757 1193 839 apstinerent
1218 779 1251 822 se
1265 779 1293 820 a
1316 764 1382 822 tarn
1405 756 1500 826 foedo

314 879 431 942 genere
453 859 729 946 negotiati0n[is],
755 859 824 944 (42)
848 861 909 925 hoo
931 863 1101 944 praecipue
1124 863 1260 940 saeculo,
1284 884 1347 945 qno
1369 863 1500 927 excitari

314 983 398 1026 nova
431 967 463 1027 et
485 963 610 1028 ornari²
641 957 819 1044 uniuersa,¹
841 965 958 1050 quibus
989 966 1127 1032 felicitas
1154 967 1240 1032 orbis
1270 967 1501 1052 terra(⁴³)runr

313 1068 512 1150 splenderet,
545 1071 649 1154 magis
678 1071 877 1150 conveniret,
910 1095 1007 1156 quam
1036 1073 1137 1142 ruinis
1161 1071 1377 1138 aedificiorum
1400 1073 1498 1138 ullam

314 1177 438 1255 partem
462 1175 689 1262 deform[ore]³
716 1179 786 1259 (⁴4)
811 1176 924 1242 ltaliae
941 1181 973 1242 et
990 1177 1093 1242 adhue
1107 1178 1244 1242 retinere
1259 1179 1402 1261 priorum
1418 1183 1499 1244 tem-

314 1298 428 1360 porum
454 1277 628 1365 [lnourinnn
651 1303 731 1362 quoe
752 1283 899 1346 uniuerso
923 1282 1091 1366 offecisset]
1119 1283 1200 1364 (⁴5),
1224 1283 1270 1346 ita
1294 1283 1500 1348 utdieeretur

315 1387 476 1448 senectute
499 1405 536 1448 ao
558 1385 697 1466 tum[ulo
720 1388 875 1450 innarenn
897 1386 1079 1450 Romanam
1097 1385 1244 1469 periret

402 1487 471 1570 (4⁶)
496 1489 661 1554 Censuere.
709 1488 747 1553 ln
770 1495 883 1554 senatu
909 1490 1064 1574 [fuerunt]
1089 1540 1173 1556 ....

529 1663 531 1666 v
585 1698 636 1762 52.
675 1698 740 1764 SC.
766 1698 1086 1764 Trebellianum
1112 1723 1139 1763 a.
1164 1699 1216 1797 dd.

397 1856 448 1934 (D.
472 1859 644 1925 36‚1‚1‚1.2.
691 1857 831 1916 Consules
862 1860 914 1930 qni
934 1859 1128 1916 nonn'nuntur·
1148 1859 1264 1928 suffecti
1284 1862 1354 1914 suut
1373 1859 1446 1915 anni
1466 1863 1500 1915 ut

313 1953 431 2010 uidetur
453 1955 500 2011 56.
540 1953 688 2026 Ulpianus
709 1955 728 2011 l.
741 1953 803 2010 ΙΙΙ
817 1955 1131 2024 fideicommissorum:
1153 1953 1275 2010 Factum
1298 1955 1342 2012 est
1355 1951 1408 2014 SC.
1422 1955 1497 2012 tern-

313 2046 437 2121 poribns
458 2048 593 2119 Neronis,
616 2046 700 2109 VIll.
722 2047 883 2123 kalsept,
906 2049 1030 2106 Annaeo
1044 2048 1154 2107 Seneca
1167 2052 1198 2107 et
1207 2048 1354 2107 Trebellio
1369 2047 1496 2106 Maximo
1577 2042 1580 2048 ’

312 2161 379 2213 cos,
401 2144 486 2202 onius
508 2145 598 2202 verba
618 2145 689 2204 haec
711 2143 809 2223 sunit)

401 2240 481 2306 Cum
505 2247 587 2305 esset
610 2242 836 2326 aequissimum
862 2243 896 2305 in
914 2243 1062 2306 omnibus
1086 2242 1385 2306 fideicommissariis
1406 2242 1497 2308 here-

314 2345 470 2410 ditatibus
503 2345 531 2409 si
560 2368 623 2430 qna
657 2347 696 2410 de
726 2345 778 2409 his
808 2345 900 2410 bonis
930 2346 1048 2411 iudicia
1070 2346 1262 2430 penderent,
1294 2367 1332 2409 ex
1354 2345 1421 2409 his⁶
1446 2368 1497 2410 eos

313 2452 429 2530 subire,
464 2452 497 2514 in
522 2473 602 2534 quos
627 2451 676 2514 ius
700 2451 887 2534 fructusque
910 2451 1150 2530 transferretur,
1181 2451 1287 2534 potins
1312 2473 1407 2534 qnam
1430 2451 1497 2514 cui-

313 2578 373 2639 que
398 2555 627 2639 periculosam⁰
652 2577 719 2620 esse
741 2555 834 2620 fidem
859 2577 963 2620 suam:
988 2556 1101 2640 placet,
1126 2560 1163 2619 ut
1187 2556 1337 2632 actiones,
1362 2555 1499 2638 quaein

312 2661 458 2725 heredem
482 2660 715 2745 heredibusque
740 2661 810 2724 dari
833 2661 953 2739 solent,
987 2683 1039 2725 eas
1062 2681 1164 2745 neque
1187 2661 1221 2724 in
1244 2683 1298 2724 eos
1321 2681 1423 2743 neque
1446 2659 1496 2722 his

312 2765 390 2842 dari,
416 2765 472 2848 qui
494 2765 566 2829 fidei
592 2787 667 2828 strae
691 2765 894 2830 commissum
918 2765 972 2843 sio,
998 2767 1045 2829 uti
1068 2766 1175 2850 rogati
1198 2769 1312 2842 essent,
1336 2763 1495 2828 restituis·

313 2875 393 2947 sent,
424 2870 551 2934 sedhis
576 2871 665 2934 etin
690 2892 759 2946 eos,
793 2870 910 2953 quibus
941 2893 979 2934 ex
1002 2873 1194 2934 testamento
1218 2869 1495 2934 fideicommissum

312 2975 496 3040 restitutum
521 2976 651 3040 fuisset:
680 2997 743 3060 quo
766 2975 869 3061 magis
893 2975 927 3039 in
951 2976 1108 3059 reliquum
1133 2974 1363 3039 confirmentur
1386 2995 1495 3057 supre-

311 3103 382 3146 mae
405 3079 626 3145 defunotorum
650 3081 839 3144 voluntates.

479 3259 530 3321 53.
566 3253 633 3320 SC.
659 3257 706 3320 de
729 3256 908 3340 imperio
936 3254 1198 3340 Vespasiani
1231 3276 1257 3316 a.
1285 3255 1336 3317 69.

402 3394 430 3450 0.
450 3395 473 3448 I.
493 3395 526 3448 L.
547 3396 622 3461 6,167
639 3411 666 3446 n.
685 3397 746 3447 930.
783 3393 813 3446 E
829 3393 923 3446 tabula
941 3393 1042 3446 aheneo
1061 3393 1163 3446 Rornae
1180 3409 1247 3446 suec.
1266 3391 1368 3446 XIIII
1381 3397 1496 3459 repertu,

312 3483 389 3536 hodie
407 3485 436 3535 iu
455 3497 544 3535 museo
559 3481 711 3550 Cupitola'no
730 3481 882 3536 adseruato.
913 3481 1008 3550 Cupito
1028 3497 1100 3534 more
1117 3481 1196 3534 solito
1215 3480 1425 3534 distinctosnnt.
1452 3477 1496 3532 De

311 3572 473 3638 quaestione,
492 3576 584 3623 ntrurn
603 3570 645 3622 len
663 3570 727 3622 tneo
739 3569 829 3637 fuerit
846 3586 883 3622 on
904 3567 966 3631 SC,
987 3586 1010 3621 u.
1031 3567 1087 3621 Mo.
1110 3567 1225 3621 Stootsr.
1245 3566 1398 3634 2³,876-9.

402 3741 486 3755 ....
512 3693 559 3776 (1)
585 3691 734 3756 foedusve
765 3714 836 3756 erim
861 3691 977 3775 quibus
1001 3691 1087 3754 volet
1110 3690 1213 3756 faeere
1237 3691 1330 3754 liceat
1353 3693 1416 3767 ita,
1448 3690 1497 3752 uti

315 3798 407 3862 lionit
432 3796 504 3860 divo
529 3797 717 3882 Anglustol,
743 3797 789 3881 (²)
815 3796 863 3860 Ti
888 3795 970 3860 lulio
994 3795 1121 3860 Caesari
1139 3794 1325 3880 Ang(ust0),
1350 3793 1496 3860 Tiberio·

313 3925 373 3987 que
397 3899 530 3965 Claudio
554 3899 681 3966 Caesari
705 3899 882 3984 Aug(ust0)
909 3898 1113 3975 Germaniam
1136 3917 1182 3963 ω

403 4007 449 4091 (3)
473 4007 585 4090 ntique
608 4009 636 4071 ei
660 4011 806 4072 senatum
830 4005 957 4085 habere,
981 4005 1169 4069 relationem
1188 4004 1299 4082 facere,
1322 4004 1494 4079 remittere,

313 4117 443 4178 senatus
467 4111 514 4193 (¹¹)
532 4111 678 4176 consulta
699 4134 755 4196 per
771 4110 958 4174 relationem
976 4110 1263 4194 discessionemque
1278 4107 1383 4172 faeere
1400 4107 1495 4172 liceat

310 4275 520 4282 ——-—--—..

384 4359 410 4426 1)
428 4357 596 4414 conditione.
615 4387 649 4395 —
669 4355 698 4422 2)
717 4353 813 4411 ornari
831 4354 868 4408 in.
888 4384 923 4394 -
941 4356 969 4424 3)
989 4353 1153 4410 deformem.
1173 4382 1201 4392 -
1226 4351 1255 4420 4)
1275 4349 1370 4418 Snppl.
1390 4349 1447 4402 Mo.
1463 4379 1493 4388 -

312 4448 338 4514 5)
359 4446 417 4500 Μο.
437 4445 504 4499 coni.
524 4461 571 4499 eas
590 4443 662 4497 lites.
682 4473 715 4482 —
735 4443 762 4512 6)
780 4441 966 4510 periculosum
986 4441 1041 4494 eod.
