3400 5254
725 398 942 466 agrimensores.
983 399 985 409 '
1384 401 1425 466 93

248 578 377 660 regione
402 577 606 651 tractabitur,
631 575 712 638 nihil
737 575 863 638 amittet
882 595 1051 657 possessor,
1075 575 1226 657 quoniam
1243 574 1354 639 formis
1371 598 1426 659 per

248 684 407 745 centurias
438 686 542 746 certus
572 683 685 766 cuique
716 683 828 745 modus
861 681 1038 763 adscriptus
1069 684 1125 744 est.
1183 678 1274 744 Circa
1306 679 1426 744 Padum

248 796 354 852 sutem
386 810 456 853 cum
490 792 655 872 ageretur,
688 787 773 871 quod
807 787 924 849 flumen
954 790 1079 850 torrens
1111 790 1143 848 et
1165 786 1336 868 aliquando
1359 790 1425 849 tam

249 893 424 956 violentum
457 892 609 970 decurrit,
642 897 678 955 ut
710 893 835 954 alveum
868 895 969 955 mutet
992 895 1024 956 et
1046 890 1221 953 multorum
1244 890 1308 954 late
1332 913 1425 975 agros

249 1002 337 1060 trans
362 997 475 1080 ripam,
505 1001 540 1058 ut
562 997 608 1060 ita
631 997 743 1073 dicam,
768 995 951 1071 transferat,
976 1016 1068 1077 saepe
1092 995 1187 1059 etiam
1211 997 1331 1060 insulas
1355 995 1425 1059 effi-

249 1101 351 1175 ciat¹,
384 1099 511 1166 cassius
535 1100 708 1182 Longinus,
741 1100 1006 1184 prudentissimus
1031 1101 1087 1177 vir,
1120 1101 1199 1166 iuris
1223 1107 1341 1176 auctor,
1366 1103 1426 1168 hoc

248 1206 379 1282 statuit,
412 1211 448 1269 ut
472 1207 625 1291 quidquid
650 1228 733 1289 aqua
755 1206 971 1270 lambiscendo
995 1207 1179 1284 abstulerit,
1210 1207 1242 1269 id
1265 1229 1426 1289 possessor

249 1310 388 1388 amittat,
412 1313 562 1394 quoniam
587 1312 708 1375 scilicet
732 1312 833 1394 ripam
858 1334 949 1374 suam
973 1311 1040 1374 siue
1064 1311 1195 1404 alterius
1211 1313 1326 1374 damno
1343 1313 1426 1381 tueri

248 1415 357 1491 debet;
382 1416 409 1478 si
434 1437 507 1478 vero
532 1417 650 1479 maiore
674 1418 704 1479 vi
722 1417 889 1480 decurrens
906 1415 1029 1480 alveum
1045 1421 1210 1496 mutasset,
1230 1439 1322 1479 suum
1339 1419 1425 1500 quis-

248 1543 308 1604 que
339 1522 466 1584 modum
502 1526 705 1604 agnosceret,
741 1521 892 1604 quoniam
924 1542 987 1583 uon
1012 1521 1199 1603 possessoris
1223 1520 1425 1606 neglegentia

248 1627 302 1689 sed
332 1628 530 1708 tempestatis
566 1616 718 1701 violentia
748 1627 916 1709 abreptum
940 1625 1111 1708 apparet⁹;
1142 1626 1169 1689 si
1193 1648 1266 1691 vero
1288 1627 1425 1690 insulam

248 1730 390 1809 fecisset,
423 1733 553 1796 acuius
577 1754 655 1815 agro
679 1732 825 1808 fecisset,
859 1733 886 1794 is
908 1731 1100 1813 possideret:
1133 1728 1204 1792 aut³
1228 1731 1255 1793 si
1279 1753 1317 1793 ex
1340 1753 1424 1794 com·

247 1836 347 1912 muni,
372 1836 507 1919 quisque
530 1859 622 1900 suum
646 1838 811 1919 reciperet.

336 1939 382 2024 (9)
415 1941 462 2005 De
485 1941 586 2004 iure
609 1941 864 2005 territorii
892 1940 1107 2003 controversia
1131 1944 1178 2004 est
1201 1940 1239 2003 dc
1262 1939 1321 2017 bis,
1346 1950 1477 2022 quaell.
1533 2005 1536 2012 ,

249 2045 287 2108 ad
311 2045 413 2128 ipsam
436 2046 547 2110 urbem
570 2047 741 2129 pertinent,
766 2047 832 2109 sive
855 2044 930 2127 quid
954 2045 1040 2108 intra
1063 2045 1239 2126 pomerium
1255 2044 1322 2108 eius
1338 2044 1426 2106 urbis

249 2149 319 2225 erit,
344 2151 429 2233 quod
453 2174 471 2213 a
495 2153 628 2234 privatis
652 2150 801 2234 operibus
825 2151 962 2234 optineri
979 2172 1042 2213 non
1059 2150 1226 2232 oportebit.
1252 2186 1295 2196 —
1313 2149 1353 2212 F.
1371 2153 1425 2212 52.

247 2253 289 2316 A.
305 2258 357 2316 84.
384 2255 429 2316 Η.
447 2260 518 2319 133.

337 2356 404 2442 (10)
444 2358 491 2422 De
524 2361 783 2424 subsicivis
815 2361 1031 2424 controversia
1055 2363 1118 2434 est,
1150 2360 1295 2442 quotiens
1319 2360 1477 2444 aliqua20·

248 2486 321 2546 pars
353 2467 515 2528 centuriae
547 2467 613 2529 sive
644 2471 713 2529 tota
743 2488 806 2529 non
841 2471 888 2528 est
921 2465 1089 2548 adsignata
1116 2470 1148 2527 et
1172 2465 1358 2547 possidetur.
1384 2503 1427 2511 -

248 2570 286 2630 Α.
312 2572 363 2632 81.
397 2569 439 2633 Η.
457 2574 531 2659 132.

336 2673 403 2758 (11)
439 2675 485 2738 De
509 2675 619 2738 locis
641 2675 835 2758 publicis
865 2676 931 2738 sive
954 2676 1064 2758 populi
1089 2675 1227 2738 Romani
1250 2677 1316 2739 sive
1338 2676 1423 2739 colo·

248 2779 372 2842 niarum
397 2781 683 2864 municipiorumve
705 2781 921 2846 controversia
944 2786 1001 2858 est,
1026 2780 1173 2864 quotiens
1196 2803 1241 2855 ea,
1266 2802 1347 2863 qnae
1370 2803 1424 2844 ne-

248 2905 308 2966 que
333 2877 501 2966 adsignata
524 2909 625 2969 neque
648 2888 777 2952 vendita
800 2887 921 2952 fuerint
947 2887 1123 2971 umquam⁴,
1148 2886 1263 2970 aliquis
1279 2887 1424 2969 possede-

248 2987 299 3061 rit,
334 2992 370 3050 ut
393 2988 517 3052 alveum
541 2989 682 3053 fluminis
706 2995 844 3056 veterem
867 2991 976 3074 populi
1002 2991 1137 3054 Romani
1163 2997 1218 3054 cet.
1245 3028 1283 3037 -
1308 2992 1348 3054 F.
1372 2995 1423 3056 54.

247 3093 285 3155 A.
309 3096 361 3157 65.

336 3198 404 3282 (12)
441 3199 489 3263 De
513 3199 620 3264 locis
642 3203 818 3266 relictis
842 3205 882 3266 et
905 3202 1187 3266 extraclusis
1211 3202 1477 3267 controversiam.

249 3307 296 3366 est
326 3302 360 3364 in
393 3306 479 3387 agris
512 3305 698 3390 adsignatis.
746 3304 872 3369 Relicta
901 3311 1007 3370 autem
1040 3308 1109 3370 loca
1131 3312 1222 3384 sunt,
1257 3329 1337 3389 quae
1360 3307 1425 3370 sive

249 3511 323 3566 Sicut
350 3517 457 3576 150‚24:
478 3512 564 3565 Risus
586 3543 616 3552 -
637 3513 767 3581 quotiens
786 3514 870 3566 finem
884 3513 959 3576 facit,
979 3513 1142 3581 appellatur
1162 3513 1229 3566 ‘rivo
1242 3514 1316 3568 recto
1329 3529 1425 3566 curvo·

248 3615 301 3666 que
321 3600 381 3668 [aul
401 3600 449 3653 del.
469 3601 519 3654 boc
536 3617 590 3654 coc.
610 3607 659 3654 aot
676 3617 726 3655 scr.
746 3618 889 3669 cursuque.
920 3601 970 3656 Ta.
991 3600 1062 3670 ll.]';
1090 3601 1179 3670 quisi
1200 3601 1317 3654 alieuius
1336 3603 1425 3654 terras

248 3683 412 3739 minutatim
442 3705 474 3741 ex
494 3688 552 3742 alia
570 3693 652 3756 parte
674 3689 823 3742 abstrahat
841 3693 870 3743 et
889 3688 938 3742 alii
958 3689 1099 3745 contrario
1118 3688 1267 3757 relinquat,
1286 3687 1360 3757 quod
1382 3706 1425 3742 vo·

247 3777 314 3824 cant
333 3774 512 3829 abluvionem
530 3773 713 3844 (alluvionem
733 3775 801 3838 cod.)
821 3778 849 3828 et
864 3774 1035 3829 alluvionem
1055 3775 1242 3846 (alluvionum
1255 3777 1330 3838 cod),
1350 3791 1437 3845 repe,

146 3920 149 3926 Ι
248 3859 312 3914 titio
331 3860 429 3914 finium
451 3880 504 3917 non
524 3863 609 3916 datur
628 3864 734 3927 (finium
750 3863 874 3917 addatur
891 3865 982 3928 liber);
1002 3863 1111 3918 inducit
1131 3863 1239 3932 (indicit
1253 3864 1330 3928 liber)
1349 3864 1423 3915 enim

248 3946 441 4001 necessitatem
462 3950 588 4016 riparum
606 3950 785 4015 tuendarum,
810 3952 883 4020 quod
903 3952 975 4005 iuste
994 3951 1106 4005 videtur
1120 3952 1305 4019 prospectum,
1326 3954 1358 4000 ut
1371 3952 1424 4002 ter-

248 4050 296 4087 rae
322 4035 525 4102 possessoribus
550 4036 645 4089 salvae
664 4036 734 4102 sint,
764 4039 851 4092 etiam
871 4038 1003 4107 publicae
1023 4037 1158 4094 utilitatis
1177 4054 1268 4090 causa.
1305 4035 1425 4099 Quodsi

249 4121 282 4186 (si
306 4137 354 4174 om.
375 4121 450 4188 liter)
481 4123 506 4174 vi
534 4126 735 4192 tempestatum
763 4126 817 4178 rivi
849 4129 986 4181 torrentes
1012 4125 1105 4180 subito
1130 4126 1241 4178 alveum
1260 4140 1425 4191 cursumque

247 4207 338 4274 (alueo
358 4225 495 4276 cursuque
514 4210 590 4278 liter)
616 4211 741 4273 mutent,
768 4214 873 4265 iustum
893 4212 1064 4280 (munientes
1083 4216 1143 4265 tum
1166 4213 1251 4276 liber),
1277 4213 1309 4263 ut
1328 4213 1425 4265 nostra

247 4294 304 4349 fert
323 4295 425 4365 opinio,
446 4295 507 4360 erit,
526 4300 559 4349 ut
578 4298 652 4352 alvei
671 4300 773 4353 veteris
793 4300 861 4354 fines
880 4317 941 4355 suos
963 4299 1078 4369 quisque
1097 4301 1233 4356 obtineat.

338 4385 363 4453 l)
382 4382 484 4438 efficiet
506 4385 542 4436 ad
562 4387 635 4452 Arc,
655 4386 741 4439 elficit
761 4386 795 4439 ad
816 4387 904 4455 Guelf.
924 4419 958 4426 -
978 4387 1005 4455 2)
1026 4391 1175 4457 appareret
1195 4387 1327 4441 Huschke.
1349 4417 1379 4426 -
1399 4388 1426 4452 3)

247 4475 278 4524 at
297 4471 466 4524 Lachmann.
490 4501 514 4508 -
537 4471 564 4541 4)
584 4473 726 4541 umquam]
748 4491 833 4541 quam
852 4477 925 4542 Arc,
944 4493 1015 4544 quae
1035 4475 1126 4540 Guelf.
