3386 5240
705 1092 1013 1228 calumme

542 1344 854 1437 EDITIONIS
883 1341 1171 1421 auduram.
1244 1455 1246 1458 Ι

340 1669 493 1780 Tertiam
525 1717 578 1780 vix
610 1716 775 1780 emiseram
808 1716 902 1780 huius
925 1716 1026 1780 libelli
1049 1717 1236 1793 editionem,
1269 1735 1340 1778 cum
1362 1733 1448 1776 nova

269 1849 303 1912 in
333 1849 435 1912 lucem
465 1848 609 1931 prodiere
646 1848 725 1912 iuris
749 1852 953 1913 monumenta
976 1848 1165 1931 gravissima
1186 1846 1281 1910 haec:
1316 1843 1447 1909 tabulae
1569 1879 1572 1888 ι

270 1975 392 2034 ceratae
416 1967 634 2054 Pompeianae,
663 1993 764 2036 novae
787 1972 916 2036 tabulae
939 1969 1145 2046 Urscnensea
1168 1970 1219 2034 lex
1243 1967 1364 2033 metelli
1387 1965 1447 2030 Vi·

269 2095 437 2177 pascensis.
484 2095 572 2172 Quae
607 2095 716 2159 libello
748 2096 856 2160 deesse
886 2117 949 2179 quo
979 2094 1081 2179 magis
1104 2092 1260 2166 dolebam,
1284 2112 1320 2154 eo
1344 2089 1448 2155 liben-

268 2216 332 2280 tius
355 2217 547 2300 bibliopolae
577 2216 652 2281 cedo
678 2238 794 2282 novam
823 2218 888 2282 iam
911 2240 995 2282 nunc
1019 2217 1161 2301 poscenti
1184 2215 1364 2279 editionem.
1409 2211 1447 2278 In

270 2362 334 2424 qua
356 2339 539 2406 adornanda
561 2339 621 2404 hoc
651 2341 787 2424 primum
814 2341 932 2418 curavi,
957 2343 993 2403 ut
1015 2339 1077 2402 tria
1100 2339 1155 2402 illa
1170 2343 1375 2402 monumenta
1398 2359 1448 2402 re·

270 2464 467 2546 ciperentur;
491 2463 562 2528 dein
586 2467 619 2530 et
648 2463 711 2526 elia
737 2463 891 2546 quaedam
914 2462 1038 2526 minora
1060 2467 1092 2525 et
1107 2465 1240 2548 rogante
1265 2462 1365 2526 amico
1381 2459 1446 2525 col·

270 2583 343 2670 lega
372 2585 547 2648 orationem
571 2583 695 2648 Claudii
734 2585 771 2648 de
801 2585 869 2649 iure
900 2583 1056 2650 honorum
1088 2583 1188 2649 Gallis
1211 2585 1315 2649 dando
1339 2585 1447 2648 adieci.

271 2705 383 2774 Cetera
413 2728 477 2770 non
506 2707 644 2786 mutavi,
678 2708 740 2771 nisi
771 2709 854 2791 quod
888 2713 1003 2772 cuncte
1025 2709 1116 2772 novis
1139 2707 1221 2772 curis
1245 2705 1449 2791 pertractavi,

252 2830 425 2912 praetoris
448 2829 587 2892 edictum
610 2831 788 2894 accuratius
815 2831 939 2915 redegi,
968 2831 1126 2896 Bantinue
1148 2830 1277 2896 tabulae
1300 2829 1447 2914 epicrisin

271 2951 496 3020 Bucchclorus
519 2952 671 3018 benevole
703 2953 859 3018 adhibuit.
895 2952 944 3018 De
960 2955 1083 3018 ratione
1098 2953 1264 3038 philologo
1280 2974 1363 3016 nunc
1378 2973 1450 3017 cum

270 3071 337 3136 filio
362 3071 459 3142 ivone
483 3073 592 3143 Bruns
616 3074 785 3158 philologo
811 3076 902 3158 potui
926 3076 1109 3140 deliberare.

359 3266 477 3352 Scripsi
501 3267 702 3333 Berolini
725 3290 833 3332 mense
857 3266 989 3334 Octobri
1013 3291 1039 3334 a.
1069 3265 1351 3332 MDCOCLXXIX.
