3386 5240
1365 383 1413 450 XI

238 561 398 650 eligendos
420 561 516 639 locos,
540 560 602 624 sibi
625 561 751 640 habeat,
774 561 895 625 infitias
918 582 982 625 non
1006 562 1076 626 ibo:
1100 561 1237 628 liberum
1254 563 1413 648 quoddam

237 687 269 750 in
292 686 352 751 tali
382 707 416 748 re
437 684 670 750 concedendum
704 688 752 749 est
780 685 967 762 arbitrium3
1002 685 1113 770 utique
1136 687 1310 752 cavendum
1332 687 1413 752 mihi

238 812 314 886 erat,
338 829 377 872 ne
399 807 499 872 nimia
521 806 613 870 fieret
634 805 737 871 libelli
760 807 867 872 moles.

322 929 454 994 Penitus
477 929 686 994 recedendum
709 954 727 994 a
750 923 856 1014 priore
880 932 1018 1010 editione
1043 933 1124 997 mihi
1147 938 1215 998 erat
1237 933 1271 997 in
1294 933 1413 998 cousti-

240 1055 379 1119 stuendis
401 1059 468 1120 tam
491 1053 598 1138 legum
624 1075 721 1137 quam
744 1057 920 1118 ceterorum
943 1054 1085 1120 locorum
1107 1056 1306 1120 lectionibus.
1352 1054 1412 1120 Elt-

236 1177 319 1240 enim
342 1177 565 1241 abstinendum
588 1179 657 1240 erat
680 1173 721 1239 ab
744 1177 829 1240 omni
853 1177 903 1240 cui
920 1177 1117 1242 indulseram
1133 1177 1269 1257 licentia,
1294 1199 1334 1243 ne
1349 1198 1412 1242 ser·

234 1322 359 1364 monem
388 1298 556 1382 antiquum
586 1298 619 1360 in
655 1299 860 1362 recentiorem
897 1306 1113 1364 converterem
1143 1322 1222 1366 neve
1253 1300 1320 1364 ullo
1350 1299 1413 1364 alio

237 1424 329 1486 modo
352 1421 511 1506 legitimas
534 1421 711 1505 scripturas
734 1425 907 1500 mutarem,
931 1425 1118 1507 praesertim
1142 1425 1174 1488 in
1198 1423 1413 1508 inscriptioni·

237 1545 296 1610 bus
328 1543 564 1608 accuratissime
597 1543 843 1628 archetyporum
877 1547 1001 1608 textum
1036 1544 1147 1630 (etiam
1181 1547 1207 1610 si
1242 1545 1413 1631 orthogra-

238 1669 345 1752 phiam
369 1665 506 1750 spectas)
530 1667 663 1731 servavi.
703 1665 905 1732 Necessariae
921 1668 1073 1732 vitiorum
1091 1669 1325 1733 emendationes
1340 1669 1413 1733 ubi·

235 1815 295 1876 que
324 1795 380 1855 aut
410 1792 495 1854 notis
518 1794 575 1853 aut
599 1790 782 1854 litterarum
805 1789 910 1854 forma
932 1791 1088 1868 indicavi3
1123 1795 1216 1854 notas
1239 1813 1323 1870 vere,
1347 1794 1414 1856 tam

235 1915 360 1979 criticas
384 1935 480 1997 quam
502 1911 675 1977 litterariae
700 1917 732 1976 et
755 1915 946 1999 exegeticaS,
980 1914 1018 1978 ad
1047 1920 1134 1979 artos
1156 1914 1233 1979 libri
1256 1913 1414 1980 manualis

233 2039 311 2104 fines
334 2037 450 2122 redegi.
496 2035 681 2121 Quicunque
711 2038 813 2122 igitur
836 2039 1013 2103 accuratius
1040 2037 1180 2122 aliquem
1201 2037 1305 2102 locum
1329 2041 1414 2102 trae-

236 2166 305 2226 tare
327 2160 421 2238 volet,
444 2160 483 2224 ad
509 2160 669 2225 uberiores
695 2161 935 2244 inscriptionum
963 2163 1165 2226 collectiones
1181 2161 1299 2225 aliosve
1315 2161 1414 2225 libros

235 2287 362 2352 accedat
392 2306 518 2349 necesse
545 2289 602 2350 est.
651 2283 791 2348 Tantum
815 2285 931 2348 etenim
957 2285 1061 2362 abest,
1095 2289 1131 2348 ut
1156 2306 1289 2350 avocere
1312 2283 1352 2347 ab
1375 2282 1414 2347 iis

240 2409 341 2488 velim,
366 2413 402 2472 ut
424 2407 562 2471 invitare
587 2409 736 2492 viamque
760 2409 799 2472 ad
822 2430 874 2472 eos
898 2409 1022 2492 aperire
1046 2408 1246 2492 propositum
1268 2406 1414 2471 habeam.

322 2531 358 2594 ln
382 2531 488 2595 titulis
511 2530 744 2614 sepulcralibus
766 2534 798 2594 et
820 2531 854 2594 in
879 2531 1036 2610 omnibus,
1061 2551 1142 2615 quos
1165 2552 1182 2594 e
1205 2528 1414 2614 scriptoribus

237 2655 350 2738 recepi,
371 2655 449 2719 locis
470 2653 636 2718 brevitatis
662 2653 767 2718 studio
794 2653 897 2717 multa
913 2653 1050 2738 quidem,
1076 2675 1157 2737 quae
1174 2653 1296 2717 adrem
1312 2675 1415 2717 meam

237 2775 341 2841 facere
362 2775 443 2841 mihi
466 2798 529 2840 non
554 2775 753 2854 videbantur,
777 2776 878 2850 omisi,
905 2797 1028 2858 semper
1053 2779 1160 2839 autem
1176 2775 1271 2840 certis
1287 2775 1414 2860 quibus·

236 2899 308 2962 clam
325 2899 425 2983 signis
441 2899 473 2962 id
488 2899 636 2964 indicavi.
663 2898 707 2964 ‘si
724 2899 796 2983 plus
814 2899 957 2962 minusve
972 2898 1135 2976 secuerim,
1153 2921 1186 2962 se
1199 2898 1310 2962 fraude
1325 2900 1413 2964 estc)

322 3021 449 3086 Gratias
478 3044 539 3108 ago
570 3022 629 3092 Tll.
655 3023 846 3106 Mommsen,
878 3023 933 3106 qui
958 3021 1205 3106 inscriptionum
1228 3021 1415 3105 apographa

239 3145 370 3209 comiter
401 3167 522 3210 mecum
552 3146 814 3224 communicavit,
847 3151 879 3210 et
907 3146 1049 3214 llcnrlco
1074 3143 1206 3213 [trassel
1237 3143 1414 3228 philologo,

239 3289 332 3350 quem
356 3267 393 3330 de
416 3290 450 3332 re
472 3269 684 3354 grammatica
706 3267 920 3333 consulebam.

321 3442 430 3508 Mense
452 3443 621 3509 necemus
645 3469 672 3510 a.
697 3406 934 3510 uncceixx.

706 3701 915 3708 m-
