3400 5254
313 377 354 441 88
800 377 1016 442 Agrimsnsores.

399 554 460 618 XV
487 555 538 632 13,
562 554 607 618 3.¹
656 553 960 618 possessiones
984 561 1059 618 sunt
1082 557 1153 640 agri
1175 559 1240 622 late
1262 563 1407 642 patentes
1431 583 1492 643 pu-

312 660 387 723 btici
410 659 600 742 privatique,
636 682 715 744 qnos
738 661 831 723 initio
855 683 918 723 non
941 661 1187 745 mancipatione,
1219 665 1272 728 sed
1299 666 1432 749 quisque
1456 671 1492 729 ut

312 767 418 850 potuit
441 767 607 849 occupavit
630 770 729 850 atque
752 766 901 848 possedit,
925 769 1009 830 unde
1034 772 1066 831 et
1089 771 1275 851 nuncupati.

689 975 728 1040 X.
765 974 1116 1044 AGRIMENSORES.

381 1141 530 1193 Librorum
546 1142 755 1208 oromaticorum
773 1158 879 1194 summo
890 1143 921 1194 in
933 1143 1128 1195 constituendis
1141 1160 1268 1211 uororum
1281 1145 1493 1212 condicionibus,

312 1228 509 1294 controuersiis,
529 1228 661 1281 limitibus
679 1229 798 1280 vertitur.
840 1229 926 1283 Cuius
945 1232 1083 1285 doctrinae
1098 1234 1278 1298 fundamento
1286 1235 1382 1300 posuit
1400 1234 1495 1288 Iulius

313 1316 468 1369 Frontinus
487 1322 602 1383 tempore
620 1316 776 1370 Domitiani
782 1338 791 1384 ;
810 1320 858 1386 qui
872 1326 937 1386 post
955 1337 1015 1373 eum
1032 1337 1088 1373 rem
1099 1326 1282 1374 tractaverunt
1291 1319 1430 1388 Eurinus,
1451 1320 1493 1373 st-

312 1406 390 1457 cutus
408 1403 538 1469 Flaccus,
558 1403 700 1471 Aoennius
724 1405 846 1472 Urbicus,
867 1408 924 1473 otii,
945 1409 976 1460 in
994 1409 1154 1475 explicando
1172 1414 1196 1461 et
1214 1408 1336 1476 ouyendo
1354 1409 1413 1460 eius
1426 1408 1495 1461 libro

313 1495 497 1548 substiterunt.
538 1493 598 1562 Quo
617 1495 648 1547 de
667 1511 752 1547 causo
770 1495 801 1548 in
819 1497 1000 1563 conlocandis,
1021 1512 1089 1564 quos
1101 1497 1144 1548 tic
1156 1495 1250 1562 recepi,
1270 1495 1336 1547 locis
1348 1511 1391 1547 res
1399 1495 1495 1561 potius

312 1582 514 1649 coniunyendus
529 1582 627 1648 outoni
646 1598 728 1650 quum
746 1583 897 1650 scriptores.
917 1614 951 1622 -
974 1585 1085 1636 Teutum
1101 1582 1336 1650 corruptissimum
1346 1581 1425 1634 nobis
1438 1587 1494 1635 tro·

311 1670 397 1722 ditum
416 1670 583 1722 emendatum
596 1669 681 1722 edidit
694 1669 861 1738 Lachmann,
881 1672 924 1725 die
934 1671 1068 1737 Schriften
1081 1673 1128 1724 der
1140 1675 1204 1723 rb'm.
1216 1669 1383 1722 Feldmesscr
1392 1671 1494 1735 (1848),

312 1757 391 1809 cuius
412 1755 533 1824 porinus
555 1756 586 1808 in
606 1756 727 1823 moryine
744 1758 843 1810 notaui.
882 1758 1073 1810 Institutiones
1090 1757 1255 1824 aromaticus
1277 1756 1302 1808 ei
1320 1755 1433 1808 editioni
1456 1757 1494 1821 (2,

310 1846 461 1908 227-464)
483 1843 592 1896 addidit
611 1843 733 1909 Rudorff
747 1847 824 1897 1852.

402 1995 430 2056 1.
465 1992 986 2078 Deagrorumquslitste
1010 1993 1410 2058 etcondicionibus.

765 2132 910 2188 Frontinus
933 2132 1002 2186 tiber
1022 2133 1038 2187 Ι.

279 2262 300 2312 l.
401 2252 562 2336 Agrorum
587 2252 759 2336 qualitates
783 2257 858 2316 sunt
882 2259 962 2328 tres;
987 2275 1050 2316 una
1074 2254 1144 2336 agri
1162 2255 1253 2318 divisi
1272 2260 1303 2318 et
1319 2255 1493 2339 adsignati,

311 2359 412 2422 altera
441 2379 591 2422 mensura
623 2380 679 2440 per
703 2359 939 2422 extremitatem
971 2359 1195 2442 conprehensi,
1229 2361 1324 2423 tertia
1347 2360 1494 2436 arcifinii,

310 2465 366 2549 qui
389 2463 477 2526 nulla
501 2485 651 2526 mensura
677 2464 870 2527 continetur.

276 2579 300 2630 2.
400 2569 486 2653 Ager
509 2589 586 2649 ergo
610 2567 780 2631 divisus
804 2568 1060 2653 adsignatus
1083 2573 1131 2632 est
1155 2570 1360 2633 coloniarum.
1390 2607 1426 2614 -·

275 2692 299 2742 t.
400 2677 487 2757 Ager
510 2677 558 2736 est
582 2694 780 2736 mensura
803 2673 1157 2757 comprehensus,
1181 2675 1270 2737 errius
1294 2675 1405 2737 modus
1423 2675 1495 2736 uni-

311 2799 419 2841 versus
443 2778 566 2841 civitati
590 2782 639 2840 est
662 2777 863 2862 adsignatus,
897 2779 979 2842 sicut
1010 2779 1044 2842 in
1068 2779 1233 2842 Lusitania
1257 2778 1494 2843 salmaticensi-

274 2899 300 2951 5.
312 2884 370 2946 bus
403 2887 458 2947 aut
484 2882 640 2964 Hispania
671 2883 818 2946 citeriore
842 2883 1000 2947 Palatinis
1029 2888 1061 2948 et
1083 2883 1290 2966 conpluribus
1313 2883 1495 2968 provinlciis

310 2987 517 3050 tributarium
541 2987 644 3050 solum
670 3008 725 3068 per
748 2987 993 3052 universitatem
1016 2989 1142 3072 populis
1166 2994 1213 3052 est
1238 2988 1413 3052 definitum,

399 3094 487 3176 Ager
510 3098 559 3156 est
583 3093 839 3170 arcifinius,
873 3095 927 3177 qui
952 3093 1041 3156 nulla
1064 3115 1212 3156 mensura
1236 3093 1432 3164 contimtum
1456 3092 1494 3155 fi-

311 3200 400 3262 nitur
423 3199 596 3261 secundum
615 3197 781 3280 antiquom
798 3197 1051 3262 observationem
1069 3193 1264 3276 fluminibus,
1283 3198 1386 3274 fossis,
1403 3220 1495 3260 mon-

310 3304 406 3381 tibus,
433 3303 503 3380 viis,
530 3303 700 3367 arboribus
725 3306 798 3366 ante
821 3303 936 3380 missis,
962 3325 1117 3386 equarum
1142 3303 1303 3385 divergiis,
1328 3303 1409 3366 etsi
1432 3323 1495 3383 qua

275 3409 381 3472 oleos
415 3413 489 3472 ante
512 3431 530 3470 a
554 3406 761 3490 possessore²
795 3412 970 3490 potuerunt
994 3407 1146 3489 optineri:
1180 3429 1254 3470 nam
1284 3409 1288 3488 Ι
1314 3428 1391 3490 ager
1414 3406 1494 3468 arci-

311 3512 419 3588 finius,
450 3513 532 3576 siout
556 3514 601 3576 ait
626 3511 736 3589 Varro,
762 3512 802 3575 ab
826 3513 968 3575 arcendis
992 3511 1140 3574 hostibus
1164 3516 1211 3574 est
1236 3510 1424 3594 appellatus.
1452 3548 1487 3557 -

312 3615 348 3678 In
373 3617 422 3680 his
447 3619 533 3704 agris
557 3619 681 3680 nullum
704 3617 753 3680 ius
778 3618 1011 3681 subsicivorum
1035 3616 1215 3680 intervenit.

399 3721 670 3785 Subsicivum
695 3727 753 3799 est,
779 3724 863 3806 quod
888 3723 1107 3786 asubsersnte
1131 3721 1216 3783 linea
1231 3742 1346 3783 nomen
1363 3720 1492 3804 accepit.

313 3825 550 3888 Subsicivorum
582 3846 700 3907 genera
729 3832 804 3889 sunt
831 3828 912 3890 duo:
949 3849 1063 3904 unum,
1096 3826 1178 3910 quod
1210 3825 1241 3887 in
1265 3824 1416 3887 extremis
1439 3825 1494 3888 ad·

277 3950 300 4006 7,
313 3929 513 4013 signatorum
538 3950 688 4010 agrorum
715 3929 835 3993 finibus
858 3931 1001 3993 centuria
1022 3931 1027 4011 t
1047 3931 1167 4012 expleri
1183 3950 1247 3992 non
1265 3929 1383 4012 potuit3
1408 3928 1493 3990 aliud

383 4102 409 4172 1)
429 4103 531 4156 Isidori
550 4103 616 4156 libri
636 4101 695 4154 XV
711 4102 802 4168 cupita
820 4104 928 4168 13-15,
953 4102 1087 4169 iuscripta
1106 4101 1140 4154 de
1159 4100 1245 4169 agris,
1271 4099 1305 4153 de
1323 4100 1433 4164 finibus,
1461 4101 1495 4154 de

313 4190 456 4252 mensuris,
475 4192 579 4258 inteyru
597 4191 628 4242 in
647 4205 745 4258 corpus
763 4190 974 4257 oromobiorum
992 4195 1097 4256 recepto
1115 4195 1182 4242 sunt
1198 4204 1265 4241 suec.
1287 4187 1360 4239 rm
1378 4188 1418 4240 oet
1432 4187 1481 4240 IX
1487 4207 1496 4254 ,-

312 4280 341 4331 in
363 4267 423 4332 edit
442 4277 555 4330 Lucbm.
577 4279 702 4346 teruntur·
717 4294 745 4345 p.
764 4280 816 4330 366
833 4293 890 4344 sqq.
911 4305 941 4314 ·—
963 4277 990 4344 2)
1010 4277 1048 4329 sic
1069 4276 1158 4342 Guetf.
1188 4277 1267 4344 [recte
1285 4275 1335 4328 ΤΗ.
1351 4273 1408 4342 Μ.],
1427 4276 1495 4328 ante

312 4381 465 4434 possessore
478 4365 644 4418 Arcerionus
662 4363 754 4429 codem
773 4381 790 4416 a
804 4366 898 4418 vetere
916 4379 1070 4432 possessore
1089 4364 1209 4424 Luctus,
1230 4361 1387 4430 antiquitus
1404 4380 1421 4415 a
1435 4379 1495 4431 pos·

312 4469 414 4506 sessore
433 4452 579 4520 Aoerznius.
