3400 5250
319 393 380 459 166
759 391 807 450 Sc.
826 391 860 446 de
879 389 1052 448 Tiburtibus.

404 569 474 651 περί
505 568 615 630 τουτου
643 576 698 630 τοῦ
728 565 1015 654 stepponem
1039 569 1168 650 ὕστερον
1193 570 1293 632 ἔναντι
1316 567 1412 632 Γαίου
1436 567 1497 630 Λο-

319 675 443 762 ιιρττίου
465 673 701 760 βουλεύσασθαι
724 673 838 750 ἔδοξεν.

361 778 394 863 6)
419 778 487 864 (55)
509 775 671 850 Ὡσαύτως
686 779 757 859 περί
774 779 816 840 ὢν
833 775 862 839 οἱ
878 779 967 840 αὐτοί
983 775 1108 862 Θισβτῖς
1126 777 1308 861 ἐνεφάνισαν
1324 780 1397 862 περί
1414 777 1499 840 σίτου

318 884 372 948 καί
385 880 514 968 ἐλ(αί](5
523 881 592 965 4)ου
606 881 727 955 ἑαυτοῖς
741 881 903 946 κοινωνίαν
912 884 990 964 πρὸς
1003 879 1115 944 Γναῖον
1124 880 1315 946 Πανδοσῖνον
1329 881 1500 966 γεγονέναι,

405 989 475 1070 περί
507 987 691 1072 τοίν(55)του
722 996 776 1050 τοῦ
812 987 1005 1070 πράγματος,
1039 986 1140 1072 [ἐ]ο“ιν1
1166 991 1275 1072 κριτὰς
1298 987 1404 1074 λαβεῖν
1430 987 1500 1072 βού-

318 1093 442 1174 λωνται,
466 1093 585 1167 τούτοις
609 1095 718 1174 κριτὰς
742 1090 950 1178 δο(ῠ](55)ναι
972 1091 1087 1170 ἔδοξεν.

363 1197 394 1282 l)
418 1195 572 1272 Ὡσαὺτος
595 1199 665 1280 περί
689 1199 731 1260 im
756 1197 784 1260 οἱ
807 1199 897 1260 αὐτοί
920 1195 1035 1280 λόγους
1059 1197 1246 1281 ἐποιήσαντο
1269 1199 1340 1278 περί
1355 1205 1410 1260 τοῦ
1429 1196 1499 1282 (55)

319 1303 488 1386 γράμματα
508 1303 620 1366 δοῦναι
643 1301 808 1388 Θισβεῦσιν
831 1302 875 1376 εἰς
898 1301 1054 1366 Αἰτωλίαν
1077 1304 1132 1366 καί
1155 1301 1305 1365 Φωκίδα·

406 1409 475 1490 περὶ
507 1408 618 1470 τούτου
651 1407 719 1493 (55)
754 1418 810 1470 τοῦ
840 1408 1023 1491 πράγματος
1047 1405 1194 1494 Θισβεῦσι
1224 1409 1278 1469 καί
1300 1405 1500 1489 Κορωνεῦσιν

318 1512 360 1586 εἰς
382 1511 538 1576 Αἰτωλίαν
561 1515 616 1576 καί
640 1511 847 1599 Φωκί(55)δα
869 1513 924 1575 καί
949 1511 1002 1574 eeu
1025 1533 1086 1576 που
1110 1512 1152 1586 είς
1177 1511 1276 1586 ἄλλας
1299 1511 1407 1584 πόλεις
1424 1510 1495 1596 βοίν-

317 1616 440 1699 λωνται,
463 1619 633 1702 γράμματα
657 1615 939 1702 terroremue
953 1615 1071 1680 eoam
1094 1616 1210 1694 ἔδοξεν.

405 1809 441 1874 ile
464 1832 500 1874 eo
522 1830 556 1873 re
572 1809 705 1890 postiae
727 1829 833 1872 eorum
855 1807 888 1874 0.
914 1809 1057 1873 [morelio
1081 1808 1319 1873 deliberandum
1341 1829 1405 1872 esse
1430 1829 1499 1873 oeri-

317 1919 455 1978 emerunt.

364 2021 397 2100 6)
421 2017 502 2083 Item
533 2019 616 2100 quool
641 2019 735 2084 iiolem
766 2019 913 2084 Tltisboei
943 2019 1197 2102 sipritleaoermrt
1230 2018 1267 2082 ele
1284 2018 1449 2100 frumento
1473 2023 1501 2082 et

318 2125 380 2190 oleo
403 2124 465 2187 sibi
486 2125 659 2188 sooietotem
683 2144 752 2188 mm
778 2123 887 2188 Gooeo
910 2123 1096 2188 Poniosioo
1112 2124 1228 2206 juisse,

403 2229 440 2292 ile
461 2251 497 2293 eo
519 2249 570 2304 re,
603 2230 632 2291 al
655 2228 772 2292 iooliees
794 2229 932 2309 ueoipere
953 2228 1060 2306 oolerrt,
1085 2229 1127 2292 iis
1149 2227 1267 2291 iudices
1290 2226 1412 2290 londos
1437 2246 1501 2290 esse

318 2339 510 2398 censuerunt.

371 2440 403 2522 7)
427 2438 507 2503 Item
531 2439 614 2522 qood
635 2439 730 2504 iidem
752 2439 845 2502 uerbo
859 2439 1007 2521 feeermet
1022 2439 1059 2502 ele
1075 2439 1185 2502 litteris
1200 2437 1316 2501 lomello
1336 2437 1500 2502 Pleiaboels

317 2543 351 2606 in
375 2543 531 2608 Aetoliam
554 2549 581 2608 et
604 2543 779 2622 Phocidem,

405 2649 443 2712 ele
472 2670 507 2711 eo
530 2669 564 2711 re
589 2648 750 2711 Pbisboeis
781 2653 809 2712 et
833 2646 1003 2714 Coronaeis
1033 2650 1068 2712 im
1091 2649 1249 2714 Aetoliam
1280 2653 1307 2712 et
1329 2647 1500 2712 Pleoeielem

320 2757 347 2816 et
370 2753 399 2818 sl
422 2773 481 2832 omo
504 2751 547 2816 ool
569 2752 653 2816 alios
676 2753 813 2817 oioitotes
836 2753 942 2829 uolent,
974 2753 1092 2819 litteras
1115 2756 1264 2836 berliprros
1286 2753 1411 2817 doridos
1436 2773 1500 2817 esse

317 2862 507 2920 eeosmeroot.

405 3031 456 3096 37.
491 3031 547 3097 So.
573 3033 617 3098 de
639 3035 909 3120 philosophis
933 3042 971 3102 et
995 3036 1252 3102 rhetoribus
1277 3059 1303 3102 a.
1331 3037 1409 3100 593.

395 3169 567 3242 (Suetonius
588 3174 623 3232 rte
644 3173 734 3232 elaris
754 3173 920 3232 rhetoribus
941 3192 963 3232 a.
987 3179 1020 3232 1:
1046 3175 1135 3234 vetus
1156 3173 1218 3244 SO,
1241 3173 1310 3232 iem
1334 3176 1496 3234 censorium

318 3265 461 3326 ινιλίοίιιιυ5
481 3268 624 3329 subiciam
635 3269 654 3348 z)

403 3365 436 3429 Ο.
460 3364 585 3430 Fannio
607 3365 773 3446 Strabone,
797 3366 841 3432 M.
866 3365 996 3432 Valerio
1021 3367 1158 3432 Messala
1183 3389 1244 3434 eos,

402 3469 446 3534 M.
472 3470 666 3556 Pomponius
690 3477 818 3555 praetor
841 3478 986 3538 senatum
1011 3471 1180 3538 consuluit.

406 3573 494 3650 Quod
519 3577 615 3641 verba
638 3578 822 3644 factasunt
844 3579 883 3642 de
905 3576 1105 3661 philosophis
1129 3577 1221 3642 etde
1244 3576 1434 3653 rhetoribus,
1459 3579 1499 3643 de

317 3702 354 3744 ea
376 3703 410 3746 re
432 3682 479 3746 ita
502 3687 707 3748 censuerunt:
731 3687 767 3746 ut
790 3681 834 3749 Μ.
860 3681 1056 3765 Pomponius
1080 3684 1208 3765 praetor
1231 3681 1500 3746 animadverteret

317 3789 513 3870 auraretque,
537 3786 601 3850 uti³
626 3787 655 3852 ei
678 3808 694 3848 e
718 3784 881 3869 republica
904 3784 1028 3867 fideque
1050 3806 1108 3848 sua
1125 3783 1293 3862 videretur,
1316 3785 1364 3850 uti
1377 3783 1499 3850 Romae

316 3913 356 3954 ne
379 3896 493 3955 essent.

547 4049 598 4111 38.
634 4047 689 4112 SC.
713 4047 759 4110 de
783 4046 1051 4112 Tiburtibus
1081 4069 1106 4110 o.
1132 4069 1159 4109 a.
1185 4045 1257 4112 595.

387 4182 498 4237 0.1.L.
518 4187 595 4249 1,107
613 4200 639 4236 ιι.
651 4187 703 4236 201
709 4201 718 4249 ,·
738 4181 820 4245 XIV,
838 4185 889 4235 385
907 4199 934 4236 n.
947 4184 1022 4236 3584.
1058 4181 1089 4234 E
1105 4183 1198 4235 tabula
1216 4183 1324 4244 aheneo,
1344 4200 1412 4251 quoe
1429 4200 1499 4239 aoee.

317 4269 396 4323 XVI
413 4269 510 4322 Tibure
527 4276 632 4338 reperta
651 4277 699 4324 out
715 4271 797 4339 periit
816 4277 864 4324 out
884 4271 955 4324 lutet.
988 4271 1110 4324 Primum
1127 4271 1199 4324 edito
1219 4277 1257 4325 est
1275 4271 1308 4324 ab
1329 4271 1425 4325 Πανίου
1451 4274 1503 4338 (od

406 4393 430 4462 l)
449 4391 527 4445 KAN
545 4391 654 4446 tabula.
683 4423 715 4433 -—
734 4393 769 4460 2)
793 4393 1161 4462 Utrumqneenbibetetiom
1182 4392 1355 4460 Gell.15,11;
1383 4393 1502 4448 relietum

310 4481 462 4534 emsormm
480 4479 589 4533 dubitor
606 4479 690 4547 infra.
711 4511 741 4520 -
761 4481 788 4549 3)
807 4481 850 4534 uti
870 4479 994 4536 Gellium
1011 4481 1082 4546 libri,
1102 4483 1135 4532 ut
1154 4479 1177 4533 ai
1196 4480 1364 4536 Suetonium.
