3386 5240
626 1321 751 1406 PARS
777 1321 938 1404 Pnlnn.

564 1505 603 1595 L
656 1503 697 1596 Ε
751 1501 795 1598 G
849 1504 888 1595 Ε
942 1501 988 1596 S.

672 1712 827 1784 onnus
858 1713 885 1786 1.

484 1885 729 1968 [taus
784 1885 1085 1968 statut.

268 2078 418 2147 Scriptores
436 2079 556 2133 Romani
571 2081 661 2132 onnia
673 2079 735 2147 scre
752 2081 933 2147 antiquissimi
948 2081 1017 2134 iuris
1034 2083 1158 2150 ucsti'yia,
1176 2082 1251 2150 'quac
1268 2083 1370 2134 inuene-
1471 2139 1474 2146 ,

188 2173 265 2234 runt,
285 2183 377 2235 renunc
396 2167 497 2235 lcyibus
514 2166 630 2219 tribucre
648 2172 816 2232 consuerunt,
836 2183 890 2219 non
908 2167 1071 2234 inquirentes
1087 2175 1179 2222 utrum
1196 2187 1255 2224 ucrc
1272 2169 1372 2237 lcffibm

188 2269 228 2306 an
248 2253 368 2306 noiibus
385 2253 471 2307 alioue
488 2254 566 2306 nodo
585 2259 668 2306 essent
685 2253 854 2320 introductu·
871 2253 942 2306 unde
959 2271 1057 2322 moona
1074 2255 1149 2322 apud
1164 2271 1214 2308 nos
1228 2261 1321 2308 cantu
1333 2260 1372 2308 cst
1389 2273 1392 2280 ’

187 2339 319 2394 dissensio
346 2357 477 2407 quamam
507 2341 549 2394 bis
571 2342 776 2394 narrationibus
796 2341 863 2407 tides
881 2341 1003 2394 babmda
1020 2344 1063 2395 sit.
1101 2342 1197 2411 Quare,
1216 2359 1275 2396 cun
1293 2359 1369 2396 accu-

186 2429 277 2481 ratius
295 2429 324 2481 in
348 2445 403 2481 ren
421 2430 556 2496 inquirere
577 2430 607 2482 in
626 2430 675 2482 boc
694 2429 762 2483 libro
779 2445 835 2482 non
852 2431 938 2496 liceat,
957 2446 1046 2483 omncs
1063 2431 1198 2498 conposui
1215 2430 1293 2496 locos,
1312 2430 1372 2497 qui·

187 2515 238 2568 bus
257 2515 289 2568 dc
306 2531 397 2584 neuun
415 2517 546 2570 institutis
571 2517 721 2585 lenibusque
740 2517 846 2586 coitur,
865 2519 963 2571 omissa
981 2518 1133 2586 quaestione
1153 2518 1184 2570 ale
1198 2533 1261 2571 acro
1278 2533 1372 2571 carun

189 2607 300 2656 natura.
338 2603 472 2657 Pracnusi
495 2606 632 2673 ueneratio
650 2611 765 2659 octcrun
783 2607 934 2660 testimonia
958 2612 1013 2660 tani
1031 2605 1063 2658 de
1082 2605 1181 2674 leuibus
1199 2606 1273 2673 ipsis,
1292 2619 1372 2672 quam

190 2689 224 2743 cle
241 2691 302 2743 iuro
320 2689 479 2758 Pandiona,
500 2694 572 2759 quod
589 2694 802 2760 antiquissimam
822 2694 906 2763 layum
918 2695 1052 2763 reyiurun
1065 2693 1241 2746 collectionem
1254 2691 1374 2746 Romani
1488 2757 1491 2764 Α

192 2778 390 2833 nominabant.
428 2779 470 2848 Cf.
484 2781 612 2848 Dintscn,
637 2781 825 2835 Ueterbleibscl
842 2798 866 2834 a.
879 2781 905 2834 d.
915 2781 1040 2836 aaaron
1058 2781 1083 2836 d.
1095 2785 1160 2834 cini.
1171 2780 1284 2848 Kbniae.
1303 2781 1373 2832 1823

191 2865 340 2930 (Versucltc
357 2882 381 2921 a.
400 2866 497 2920 Kritilc
516 2868 542 2921 d.
560 2872 626 2920 rin.
647 2866 754 2925 Rechts.
784 2867 831 2922 VI.
846 2884 875 2936 p.
894 2870 1037 2936 asc-58).
1080 2867 1171 2937 Voi9t‚
1198 2867 1243 2920 ib.
1261 2866 1287 2920 d.
1306 2865 1374 2934 leues

188 2952 284 3020 requae.
313 2955 383 3006 1876
410 2953 514 3022 (Leipa.
544 2955 615 3008 Abb.
644 2957 829 3021 7‚555=826).
871 2954 995 3022 Rubino,
1023 2960 1088 3009 rim.
1122 2955 1193 3022 Vens.
1222 2955 1372 3007 399-430.

191 3037 351 3108 Scbwcalcr,
380 3044 446 3094 rin.
465 3039 558 3095 Gescb,
577 3046 601 3108 1,
619 3044 734 3095 23-28.
771 3042 884 3110 Zumpt,
908 3047 973 3096 riou.
996 3041 1199 3096 Criminatrccbt
1222 3046 1245 3104 1,
1264 3043 1373 3093 15-41.

192 3125 350 3194 Mornmscn,
367 3133 432 3182 rino.
453 3127 619 3184 Staatsrccbt
638 3128 792 3198 2⁸‚36-47.
844 3183 846 3187 ,

270 3271 299 3332 1.
312 3268 509 3350 Pannonius
521 3271 667 3335 enchirid.
679 3269 932 3353 (D.1,2,2‚1.2):
949 3318 973 3333 ..
986 3269 1079 3333 initio
1092 3269 1231 3334 civitatis
1243 3272 1371 3332 nostrae

190 3373 327 3457 populus
351 3373 418 3437 sine
440 3372 512 3458 lege
535 3379 630 3457 certa,
654 3375 722 3440 sine
745 3375 814 3438 iure
836 3379 922 3438 certo
945 3373 1082 3458 primum
1109 3395 1203 3458 agere
1218 3372 1369 3450 inst'tuit,

195 3477 365 3562 omniaque
388 3501 485 3557 manu
508 3503 526 3543 a
554 3480 684 3566 regibus
706 3477 976 3566 gubernabantur.
1016 3477 1132 3543 Postea
1148 3482 1241 3543 aucta
1257 3477 1297 3541 ad
1311 3476 1371 3541 ali-

193 3604 288 3666 quem
311 3583 439 3646 modum
464 3584 594 3648 civitate
617 3584 722 3667 ipsum
739 3581 910 3646 Romulum
931 3581 1070 3646 traditur
1093 3582 1247 3666 populum
1262 3581 1296 3644 iu
1311 3580 1372 3644 tri-

192 3688 286 3773 ginta
309 3691 418 3770 partes
441 3689 600 3768 divisisse,
633 3711 712 3773 quas
735 3692 842 3772 partes
872 3687 975 3751 curias
998 3687 1182 3771 appellavit,
1206 3724 1249 3732 —
1272 3686 1373 3750 etita

192 3791 282 3877 leges
314 3792 466 3876 quasdam
499 3794 619 3877 etipse
650 3795 788 3858 curiatas
812 3793 851 3857 ad
873 3792 1026 3877 populum
1049 3793 1140 3856 tulit:
1173 3792 1317 3856 tulerunt
1340 3795 1373 3854 et

193 3903 360 3981 sequentes
384 3919 483 3982 regen.
513 3922 594 3983 quae
619 3921 727 3964 omnes
750 3899 946 3982 conscriptae
968 3901 1097 3962 exstant
1119 3897 1153 3960 in
1176 3887 1258 3960 libro
1283 3894 1372 3959 Sexti

193 3999 324 4085 Papirii,
348 4003 403 4084 qui
426 4003 489 4066 fuit
508 4004 574 4068 illis
589 4005 796 4088 temporibus,
821 4004 936 4087 quibus
952 4001 1112 4085 Superbus
1127 3999 1294 4065 Demarati
1309 3998 1370 4064 Oo-

193 4105 306 4170 riuthii
330 4107 437 4186 filius,
469 4131 507 4172 ex
530 4108 760 4192 principalibus
783 4109 869 4172 viris.
903 4109 929 4171 is
953 4107 1097 4171 liber-
1121 4106 1301 4191 appellatur
1323 4105 1373 4168 ius

195 4211 287 4276 civile
310 4211 526 4294 Papirianum.
574 4213 604 4278 2.
642 4214 770 4278 Tacitus
793 4215 1000 4297 (onn.3‚26):
1031 4210 1136 4276 Nobis
1159 4209 1314 4274 Romulus
1336 4211 1374 4272 ut

195 4316 324 4380 libitum
354 4318 614 4400 imperitaverat,
648 4319 719 4382 dein
742 4315 851 4383 Numa
883 4315 1091 4400 religionibus
1120 4320 1153 4380 et
1175 4314 1282 4379 divino
1304 4314 1373 4377 iure

202 4421 354 4504 populum
377 4423 535 4504 devinxit,
567 4428 754 4510 repertaque
786 4422 939 4508 quaedam
969 4419 1160 4485 aTullo'et
1184 4419 1287 4495 Anco,
1319 4417 1373 4481 sed

242 4532 335 4588 sauss,
352 4532 441 4578 ronta
458 4532 524 4579 suns.
563 4535 606 4580 nc.
626 4534 670 4581 vr.
1092 4559 1094 4565 ι
1148 4522 1160 4574 1
