3400 5250
283 363 348 429 214
635 377 637 384 ’
734 364 836 420 Edicto
853 369 1024 435 praetorum.

283 531 666 617 11111111111111111111111,
701 544 739 603 ut
761 540 905 619 mittent,
929 542 956 606 si
980 541 1089 620 velint,
1114 543 1168 626 qui
1192 547 1333 607 ventrem
1358 551 1468 608 custo·

285 641 383 708 diunt
413 644 446 708 in
472 665 535 728 quo
557 643 700 708 conclavi
723 645 837 710 mulier
863 646 1011 730 periture
1026 645 1096 726 erit,
1121 648 1167 712 ibi
1182 671 1222 712 ne
1236 648 1343 732 plures
1359 650 1468 714 aditus

285 747 350 812 siut
373 769 468 832 quem
484 745 590 812 unus:
614 749 642 814 si
658 753 763 826 eruut,
786 773 824 814 ex
841 755 979 836 utreque
993 755 1086 836 parte
1099 751 1219 816 tabulis
1235 753 1464 838 praefigentur.

287 857 361 916 ante
384 853 501 917 ostium
525 853 592 917 eius
616 855 775 920 conclavis
797 855 893 920 liberi
915 860 981 922 tres
1004 861 1036 921 et
1059 861 1122 920 tres
1145 857 1264 922 liberae
1287 881 1358 924 cum
1382 859 1470 924 binis

286 957 456 1023 comitibus
480 959 669 1024 custodient.
704 962 988 1046 quotienscumque
1010 983 1047 1026 ee
1070 961 1184 1028 mulier
1207 963 1239 1026 in
1263 963 1296 1026 id
1319 965 1471 1032 conclave

288 1061 414 1128 aliudve
437 1063 521 1147 quod
543 1064 611 1128 sive
635 1065 668 1129 in
693 1065 854 1130 balineum
878 1066 947 1142 ibit,
972 1067 1125 1144 custodes,
1150 1068 1176 1131 si
1199 1067 1316 1147 volent,
1340 1069 1372 1133 id
1393 1075 1471 1135 ente

288 1168 486 1252 prospiciant
508 1171 540 1233 et
562 1191 616 1234 eos
639 1171 695 1254 qui
717 1171 902 1236 introierint
925 1171 1095 1238 excutient.
1130 1171 1285 1251 custodes,
1317 1175 1371 1257 qui
1395 1179 1473 1240 ante

287 1273 437 1340 conclave
460 1274 557 1358 positi
579 1279 683 1353 erunt,
708 1276 734 1338 si
752 1275 871 1353 volent,
896 1297 1015 1354 omnes,
1032 1277 1087 1360 qui
1103 1275 1251 1342 conclave
1266 1281 1323 1342 ent
1338 1280 1468 1344 domum

288 1379 489 1459 introierint,
511 1380 694 1444 excutient.
734 1379 866 1458 mulier,
897 1402 969 1445 cum
992 1381 1152 1464 parturire
1173 1381 1324 1465 incipiet,
1356 1385 1491 1450 1111111Ι

290 1505 370 1568 quos
394 1505 431 1548 ee
455 1505 505 1548 res
528 1485 669 1568 pertinet
692 1485 994 1568 procuratoribusve
1018 1507 1127 1550 eorum
1144 1485 1318 1564 denuntiet,
1343 1493 1379 1552 ut
1394 1489 1474 1554 mit·

290 1595 372 1669 taut,
390 1589 507 1674 quibus
522 1591 743 1674 praesentibus
760 1591 873 1675 periet.
899 1592 1071 1656 mittentur
1082 1593 1232 1656 mulieres
1247 1593 1367 1659 liberae
1379 1595 1473 1660 duru-

290 1697 382 1760 111111
410 1695 567 1780 quinque,
598 1697 645 1760 ite
676 1700 712 1760 ut
744 1701 870 1780 praeter
904 1697 1089 1762 obstetrices
1112 1697 1191 1762 duas
1213 1699 1247 1762 iu
1271 1721 1307 1762 eo
1331 1701 1473 1764 conclavi

292 1823 332 1864 ne
356 1801 462 1884 plures
485 1799 634 1864 mulieres
658 1801 776 1866 liberae
800 1802 865 1866 siut
888 1825 984 1886 quam
1005 1803 1122 1881 decem,
1146 1803 1279 1868 ancillae
1294 1827 1391 1888 quem
1406 1828 1471 1871 sex.

293 1909 362 1983 hee,
387 1929 469 1990 quae
498 1907 586 1970 intus
613 1907 877 1987 iuteremerunt,
909 1909 1112 1974 excutientur
1143 1931 1252 1973 omnes
1280 1910 1313 1972 in
1337 1931 1373 1974 eo
1397 1933 1476 1976 con·

293 2012 391 2089 clevi,
419 2034 467 2082 ,ue
493 2033 556 2095 que
588 2033 746 2097 praegnas
778 2013 830 2077 sit.
870 2013 934 2076 tria
956 2012 1088 2090 lumine,
1120 2034 1160 2076 ne
1183 2012 1298 2091 minus,
1327 2013 1374 2079 ibi
1397 2017 1472 2082 sint.

248 2179 249 2184 ,
292 2119 377 2204 quod
401 2121 513 2182 ustum
536 2117 608 2195 erit,
638 2117 689 2181 his
713 2117 751 2181 ad
775 2139 854 2202 quos
878 2140 915 2182 11
938 2138 987 2182 res
1011 2119 1151 2201 pertinet
1173 2120 1477 2200 procuratoribusve

295 2246 413 2302 eorum,
438 2224 465 2288 si
488 2223 643 2306 inspicere
659 2223 778 2302 volent,
803 2223 999 2288 ostendatur.
1025 2223 1109 2306 apud
1125 2245 1197 2286 eum
1213 2223 1372 2302 educetur,
1389 2227 1473 2308 opud

296 2351 390 2414 quem
421 2349 536 2412 pareus
566 2325 704 2394 iusserit.
743 2329 771 2394 si
804 2332 910 2394 autern
940 2328 1021 2392 nihil
1053 2350 1168 2412 parens
1199 2327 1329 2393 iusserit
1358 2335 1414 2394 aut
1436 2333 1478 2411 is,

295 2435 379 2519 apud
411 2457 504 2518 quem
537 2433 674 2498 voluerit
696 2433 839 2509 educari,
872 2455 980 2498 curam
1005 2455 1068 2497 non
1093 2433 1241 2516 recipiet,
1273 2434 1357 2516 apud
1381 2458 1474 2518 quem

297 2541 462 2617 educetur,
493 2561 588 2604 111111
619 2538 749 2623 cognite
771 2539 973 2602 constituam.
1013 2539 1040 2602 is
1063 2539 1146 2621 apud
1172 2559 1266 2620 quem
1289 2539 1479 2605 educabitur

298 2645 383 2730 quod
405 2648 516 2710 netum
540 2643 610 2721 erit,
634 2643 739 2728 quoad
762 2644 860 2708 trium
883 2665 1027 2708 mensum
1051 2644 1103 2720 sit,
1130 2642 1229 2707 bisin
1246 2665 1361 2718 mense,
1385 2667 1423 2710 ex
1439 2667 1479 2710 eo

298 2755 440 2834 ternpore
463 2750 566 2834 quood
590 2772 644 2814 sex
667 2769 812 2814 mensum
836 2750 888 2828 sit,
917 2749 1013 2812 semel
1037 2748 1071 2812 in
1094 2769 1211 2824 mense,
1241 2771 1260 2812 1
1282 2770 1336 2813 sex
1359 2749 1475 2814 mensi·

299 2857 357 2920 bus
381 2854 485 2938 quoad
509 2855 676 2920 anniculus
699 2853 765 2932 fiat,
790 2854 922 2918 alteruis
946 2851 1119 2931 mensibus,
1142 2852 1183 2916 ab
1199 2853 1347 2918 anniculo
1371 2855 1476 2937 quoad

236 2953 239 2962 ¹
296 2959 360 3024 feri
382 2958 497 3042 possit,
527 2957 625 3022 semel
647 2959 681 3022 in
704 2979 758 3022 sex
782 2955 954 3035 mensibus,
978 2955 1035 3022 ubi
1059 2957 1154 3036 volet,
1179 2958 1336 3022 ostendat.
1376 2958 1404 3022 si
1426 2959 1478 3022 eui

297 3067 440 3130 ventrem
469 3063 583 3146 inspici
610 3062 803 3128 custodirive
826 3062 934 3126 1111111
957 3063 1066 3152 partui
1089 3063 1213 3126 licitum
1237 3083 1300 3126 non
1325 3063 1387 3127 erit
1409 3063 1480 3126 fse-

298 3174 406 3236 tumve
429 3167 506 3253 quid
528 3167 600 3245 erit,
624 3169 794 3252 quominus
817 3191 854 3234 11
871 3168 917 3232 ita
933 3167 1022 3246 fiant,
1038 3167 1088 3232 uti
1104 3187 1201 3250 supro
1215 3165 1479 3250 comprehensum

299 3278 365 3340 est:
389 3275 428 3351 ei,
452 3274 535 3358 quod
559 3274 670 3338 iratum
688 3272 757 3350 erit,
782 3273 1012 3357 possessionem
1037 3293 1132 3337 causa
1155 3271 1286 3355 cognite
1304 3293 1368 3334 non
1385 3272 1477 3337 debo.

299 3381 365 3444 sive
388 3379 472 3464 quod
496 3382 608 3444 netum
632 3378 703 3456 erit,
727 3382 764 3443 ut
787 3400 885 3461 supra
908 3380 1037 3442 cautum
1053 3380 1111 3450 est,
1135 3374 1249 3458 inspici
1265 3397 1328 3439 non
1344 3375 1484 3455 licuerit,

300 3508 379 3570 ques
401 3486 513 3568 utique
537 3485 677 3549 actiones
695 3505 751 3548 me
766 3483 917 3546 daturum
932 3481 1089 3564 polliceor
1106 3479 1166 3557 his,
1191 3479 1307 3563 quibus
1324 3502 1362 3544 ex
1378 3481 1484 3545 edicto

301 3611 372 3655 meo
394 3591 550 3654 bonorum
573 3588 730 3672 possessio
753 3589 828 3652 duta
851 3589 903 3664 sit,
928 3609 991 3664 111,
1015 3586 1042 3649 si
1065 3585 1145 3649 mihi
1168 3586 1253 3649 iuste
1276 3607 1371 3650 censs
1393 3587 1483 3650 vide·

301 3695 390 3760 bitur
413 3715 489 3773 1111,
512 3695 541 3758 ei
564 3715 627 3757 nou
652 3693 761 3756 debo¹.

218 3795 283 3876 ἓξὲξ]
390 3802 420 3864 3.
454 3795 488 3864 Si
511 3798 632 3862 ventris
654 3797 783 3864 nomine
807 3795 940 3862 muliere
963 3797 996 3860 iu
1014 3796 1244 3880 possessionem
1260 3796 1357 3861 ruisse
1374 3795 1484 3862 eedem

303 3905 459 3990 possessio
483 3903 556 3968 dolo
580 3904 665 3968 malo
689 3902 727 3966 ed
752 3902 850 3965 elium
875 3902 1032 3994 translate
1056 3923 1122 3966 esse
1145 3899 1292 3964 diceturi.

221 4035 286 4071 111.
392 4013 422 4074 4.
451 4007 485 4074 Si
506 4008 622 4073 mulier
644 4007 766 4072 ventris
790 4007 919 4070 nomine
935 4007 969 4070 in
985 4006 1182 4090 possessione
1198 4005 1374 4070 calumniae
1388 4027 1488 4069 111111

302 4116 401 4181 fuisse
422 4113 571 4180 dicetur³.

397 4361 422 4430 l)
442 4361 478 4416 D.
497 4363 634 4426 25‚4,1,10.
654 4388 686 4398 —
707 4358 734 4426 2)
755 4357 840 4411 num.
861 4356 897 4410 D.
915 4359 982 4420 25‚5.
1002 4385 1034 4395 -
1054 4354 1083 4420 3)
1105 4351 1191 4406 Rubr.
1210 4349 1247 4404 D.
1265 4351 1340 4414 25,6.·
1359 4354 1427 4404 ‘esse
1444 4347 1489 4402 di·

304 4447 399 4502 cetur'.
436 4448 523 4502 Index
541 4446 636 4500 Fur„-
654 4445 750 4499 ‘fuisse
768 4442 896 4498 dicutur'.
