3382 5248
688 409 743 465 Lex
761 409 902 476 Quinctia.
1325 417 1386 480 115

270 640 299 655 ,.
313 639 320 653 .
333 611 373 653 ne
385 589 456 672 quis
468 586 602 671 posthac
615 591 762 671 stuprum
775 586 965 652 adulterium
980 585 1079 650 facito
1093 589 1193 654 sciens
1206 589 1279 654 dolo
1291 591 1387 656 malo.

287 695 320 752 E
337 711 401 767 cap.
422 693 465 750 II
482 698 508 766 r(
516 691 663 764 Ulpianus
685 693 702 749 t.
725 691 749 748 Ι
764 691 799 748 de
820 691 1004 749 odnttertte¹:
1030 688 1113 758 Quod
1135 691 1179 750 eit
1198 691 1269 770 lem)

298 789 410 876 [Pater
435 789 478 874 si]
504 789 536 851 in
565 786 632 851 filiu
665 788 736 870 [sua
764 809 859 871 quam
886 787 918 850 in
946 791 1104 870 potestate
1130 788 1246 869 habet,
1273 795 1329 855 eut
1355 792 1389 854 in

204 920 257 976 ea,
282 918 364 981 quae
390 894 440 958 ου’
465 899 593 958 anctore
616 915 687 957 cum
703 893 736 955 in
752 896 911 978 potestate
927 897 1017 964 esset,
1040 893 1109 956 viro
1124 893 1155 956 in
1170 916 1298 958 manum
1314 917 1389 959 con-

211 1001 356 1084 tenerit]
375 1000 556 1064 adulterum
572 997 667 1078 [domi
684 1019 760 1062 snae
776 997 924 1081 generice
937 997 1001 1080 sui]
1017 997 1269 1081 deprehenderit,
1286 1000 1390 1084 [isque

209 1105 261 1171 in⁸
285 1127 354 1172 eam
376 1127 443 1169 rem
468 1123 612 1168 socerum
637 1101 830 1181 adhibuerit,
856 1101 1093 1188 [lenpermr'ttr't]
1111 1108 1148 1168 ut
1169 1104 1197 1168 is
1213 1097 1391 1189 pateream

204 1211 390 1276 adulterum
415 1210 483 1274 sinc
501 1207 613 1273 fraude
630 1206 762 1285 occidat,
779 1206 826 1270 ita
841 1207 889 1290 ut]
907 1207 939 1270 in
956 1206 1132 1272 continenti
1148 1209 1246 1274 filiam
1258 1209 1389 1274 occidat.

289 1317 321 1374 E
330 1334 393 1388 cap.
411 1315 439 1372 V
454 1313 620 1390 (Ulpianus
631 1314 649 1370 t.
661 1312 704 1370 II
716 1312 756 1370 act
766 1313 784 1370 t.
797 1312 909 1370 Iuliam
919 1312 954 1369 ete
965 1311 1151 1369 adulteriis:
1171 1311 1273 1386 Capite
1287 1313 1391 1388 quinto

211 1412 285 1489 legis
306 1410 401 1470 Iuliae
422 1411 464 1468 ita
484 1411 606 1467 cavetur
626 1410 676 1464 ut:

282 1531 306 1572 ·.
332 1558 339 1572 .
364 1508 450 1590 [viro
475 1505 656 1570 adulterum
680 1505 713 1568 in
737 1525 835 1568 uxore
858 1525 915 1567 sua
938 1503 1185 1586 deprehensum,
1219 1527 1311 1591 quem
1336 1513 1392 1572 aut

209 1613 294 1678 nolit
316 1618 372 1678 ant
394 1633 458 1676 non
481 1612 576 1676 liceat
598 1609 749 1686 occidere,
774 1608 910 1672 retinere
933 1607 1029 1672 horas
1057 1609 1186 1674 diurnas
1202 1616 1391 1679 nocturnas·

210 1741 273 1804 ¹qne
305 1718 472 1784 continuas
505 1737 569 1779 non
598 1714 670 1798 plus
700 1735 795 1798 quant
828 1711 904 1798 XX]
936 1713 1101 1778 testandae
1128 1716 1195 1780 eius
1218 1717 1264 1781 rei
1287 1719 1393 1803 gratia

207 1823 295 1907 {sine
317 1823 431 1908 fraude
453 1845 510 1886 sua
535 1820 605 1883 inre
629 1819 724 1883 liceto
750 1816 800 1903 ..]

291 1929 324 1986 Ε
336 1946 399 2001 cop.
418 1927 487 1986 VII.
512 1925 677 2003 (Ulpianus
693 1925 711 1981 t.
727 1923 770 1982 II
785 1924 821 1982 de
840 1924 1029 1982 adulteriis.-
1049 1923 1135 1998 Legis
1148 1924 1243 1984 lullae
1258 1926 1294 1985 de
1308 1927 1394 1986 adul·

212 2023 299 2084 teriis
321 2023 417 2097 capite
438 2021 562 2096 septimo
583 2020 626 2078 itu
646 2020 794 2092 caustum)

302 2167 309 2183 .
335 2167 341 2180 .
366 2141 406 2182 ne
429 2117 500 2202 quis
523 2117 608 2180 inter
632 2137 702 2179 reos
727 2115 846 2179 referat
869 2137 951 2194 eum,
976 2117 1030 2200 qui
1054 2121 1122 2180 tum
1145 2117 1214 2184 sine
1237 2120 1394 2186 detrecta-

214 2223 301 2287 tione
324 2222 370 2286 rei
394 2221 540 2307 publicae
563 2243 661 2285 causa
685 2220 788 2284 aberit
812 2269 846 2285 ..

294 2328 326 2384 E
339 2345 403 2400 cop.
420 2328 477 2385 r'ne.
499 2326 667 2401 (Ulpianus
682 2326 699 2382 l.
711 2324 765 2384 IV
776 2325 811 2382 de
825 2325 1012 2383 adulteriis&
1033 2358 1071 2366 -
1091 2325 1137 2383 lex
1152 2325 1195 2384 ite
1209 2325 1309 2384 locuta
1322 2329 1394 2405 est:)

303 2473 309 2486 .
329 2475 335 2488 .
354 2474 361 2487 .
380 2423 448 2508 [qni
472 2444 602 2486 uxorem
625 2422 659 2484 in
676 2421 833 2486 adulterio
850 2421 1076 2504 deprehensam
1094 2421 1286 2508 retinuerit]‚
1305 2425 1395 2488 adnl-

209 2535 319 2594 terum
343 2527 374 2590 in
401 2527 492 2592 domo
516 2527 750 2610 deprehensum
775 2526 942 2606 dimiserit,
967 2576 998 2591 ..

305 2704 355 2768 22.
395 2703 479 2766 Lex
504 2701 709 2778 Quinctia
739 2702 785 2766 de
808 2703 1157 2786 aquaeductibus
1182 2729 1209 2770 a.
1236 2706 1308 2770 745.

288 2841 364 2897 Hace
387 2843 430 2896 lex
452 2859 470 2895 a
489 2840 625 2895 Frontino
650 2843 680 2894 r'n
705 2841 802 2895 tiorum
827 2842 859 2896 de
877 2845 956 2910 aquis
972 2844 1048 2897 nrbr'e
1067 2843 1169 2898 Romae
1187 2861 1207 2900 c.
1226 2848 1277 2899 129
1294 2851 1399 2915 recepta

211 2932 335 2985 onnr'nm
352 2930 452 2998 populi
469 2928 588 2982 Romani
605 2930 691 2998 lopun
709 2946 766 2982 nno
783 2931 888 2998 intepro
907 2947 967 2984 cnm
982 2932 1064 3000 plena
1073 2935 1285 3001 praesumptione
1296 2935 1399 2989 tradita

211 3023 263 3072 eet.
303 3018 413 3072 Tentnnr
439 3023 595 3085 corruptum
620 3017 768 3071 emendavit
792 3025 817 3071 et
841 3019 973 3087 supplevit
993 3020 1139 3073 Buecheler
1162 3021 1191 3073 r'n
1209 3021 1246 3074 ed.
1269 3020 1401 3075 Fronttnr'

219 3123 244 3161 n.
263 3109 339 3172 1858,
357 3105 404 3158 scd
421 3120 486 3158 nens
503 3105 683 3172 rceoan'tr'one
702 3106 767 3158 libri
779 3104 931 3161 Catinensis
949 3123 1004 3160 non
1023 3110 1132 3176 optimu,
1151 3125 1230 3176 qnam
1253 3109 1400 3164 emendarit

212 3193 382 3261 *replevitque
404 3192 567 3261 Petscheniy,
593 3192 701 3246 Wiener
719 3192 833 3248 Studien
851 3197 868 3247 6
887 3198 980 3261 (1884)
996 3212 1024 3263 p.
1043 3198 1096 3248 249
1113 3211 1151 3261 sq.

307 3317 343 3384 Τ.
369 3317 536 3395 Quinctius
560 3314 724 3400 Crispinus
756 3317 888 3382 consul⁷
922 3319 1077 3402 populum
1099 3318 1168 3382 iure
1192 3321 1319 3402 rogavit
1341 3341 1399 3404 po-

218 3423 377 3508 pulusque
399 3422 469 3486 iure
491 3420 584 3484 scivit
607 3421 641 3484 in
665 3420 736 3485 foro
759 3444 817 3505 pro
840 3424 952 3488 rostris
977 3423 1063 3488 aedis
1087 3423 1151 3486 divi
1175 3422 1250 3487 Iulii
1273 3425 1400 3508 pr(idiel

223 3525 293 3608 [Η]
318 3525 424 3590 Iulias.
462 3523 595 3589 Tribue⁹
620 3523 732 3610 Sergia
758 3525 947 3610 principium
966 3525 1041 3605 fuit,
1057 3548 1115 3610 pro
1132 3525 1218 3590 tribu
1236 3526 1297 3592 Sex
1300 3578 1399 3595 ......

222 3629 256 3695 L.
279 3630 302 3696 f.
327 3629 423 3693 Virro
449 3627 586 3714 [primus
610 3627 761 3714 scivit¹⁰].

224 3785 344 3855 primum
369 3789 455 3854 caput
480 3784 551 3854 legis
577 3783 669 3838 Iuliae
693 3783 728 3837 de
753 3783 903 3837 adulteriis
921 3784 1061 3853 prioribus
1080 3784 1191 3854 legibus
1209 3787 1338 3856 pluribus
1356 3789 1403 3844 ob·

216 3875 306 3942 rogat
325 3872 458 3941 (abrogat
476 3873 564 3940 tr'tm');
583 3870 702 3926 seeundo
723 3887 786 3926 vero
806 3871 898 3940 capite
917 3871 1059 3942 permittit
1078 3873 1157 3942 patri
1179 3881 1225 3929 cet.

295 3961 320 4026 l)
339 3960 376 4016 D.
385 3963 561 4027 48,5,24(23),
573 3975 614 4028 pr.
625 3963 649 4011 4.
675 3959 760 4013 Verba
772 3960 879 4012 r'nctnso
892 3959 998 4014 Panlne
1012 3961 1028 4015 t.
1040 3962 1057 4014 t.
1070 3963 1159 4030 refert.
1182 3962 1223 4031 Of.
1235 3963 1299 4017 (loll.
1310 3967 1403 4031 4,12‚1.

226 4048 304 4101 Paul.
323 4053 390 4102 sent.
402 4049 499 4113 2‚26‚1.
518 4075 551 4084 -
570 4047 597 4110 2)
614 4046 671 4100 Ins.
685 4047 819 4100 Pithoeus.
840 4075 875 4088 «-
893 4047 922 4115 3)
942 4045 1020 4116 isque
1032 4047 1060 4102 in
1074 4048 1201 4118 Selinitis,
1218 4052 1276 4106 isve
1295 4051 1324 4104 ln
1338 4051 1405 4116 Mo„

217 4135 254 4188 in
265 4152 348 4205 quem
356 4135 431 4188 librr'.
458 4163 478 4173 -
490 4134 519 4204 4)
535 4135 571 4187 D.
580 4137 752 4203 48,5,26(25),
761 4151 805 4204 pr.
817 4139 832 4188 5
845 4137 925 4190 certa
936 4137 1015 4190 nnete
1026 4138 1132 4190 inclusa
1142 4143 1284 4206 postquam
1299 4137 1337 4191 nd
1347 4155 1404 4192 een·

225 4223 335 4276 tentiam
352 4223 457 4276 rettntr't
474 4228 715 4290 cornmentatncqne
731 4231 776 4288 est,
791 4227 882 4294 perpet
902 4226 954 4279 etc:
983 4223 1060 4290 Quod
1080 4225 1214 4280 adicitur:
1241 4225 1406 4281 ‘testandae’

218 4315 271 4363 eet.
289 4309 664 4379 -5)D.4c,5,16(15)‚1.2.
683 4341 717 4348 -
735 4311 764 4374 c)
778 4311 816 4364 D.
827 4315 1004 4380 rencone),
1013 4329 1057 4380 pr.
1084 4311 1127 4381 cf.
1141 4313 1219 4366 Part,
1232 4316 1406 4380 sentence.

229 4396 292 4450 con.
305 4400 400 4464 4,12,7.
419 4427 447 4436 -
471 4398 499 4466 7)
517 4398 547 4452 tn
565 4398 643 4450 litata
661 4399 758 4453 cortine
776 4401 859 4452 tn'nrn
877 4406 945 4463 (non
965 4401 1036 4467 octo)
1056 4401 1204 4454 litterarum
1218 4407 1307 4469 potest
1324 4403 1405 4455 r'nter·

219 4481 320 4538 cidisse
336 4482 371 4536 de
384 4484 522 4555 deuotus)
535 4485 700 4554 nectentis)
714 4486 771 4540 Mo.
791 4515 822 4526 -
837 4487 865 4558 8)
877 4487 904 4542 lr.
918 4487 1014 4550 deficit.
1025 4517 1059 4525 -
1071 4489 1103 4554 9)
1115 4487 1202 4541 tribui
1215 4487 1303 4542 roden.
1318 4520 1347 4529 -
1365 4488 1407 4558 10)

1154 4583 1196 4636 31*
