3400 5250
199 375 201 379 Ι
306 397 368 462 190
754 394 823 452 SOO.
841 396 876 451 de
896 395 1036 451 aedificiis.

303 575 472 657 ret³⁵lbus
504 575 622 638 nostris
653 573 725 656 plus
751 595 849 657 quam
879 577 1052 656 expertum.
1100 573 1152 638 Illi
1177 575 1262 656 patri
1284 595 1355 639 meo
1379 573 1488 639 Druso

303 679 506 744 Germaniam
531 679 600 759 (³⁶)
626 677 792 762 subigenti
815 682 920 741 tutam
943 679 1051 762 quiete
1067 699 1124 742 sua
1140 697 1346 764 securamque
1362 703 1381 744 a
1396 685 1487 766 tergo

303 806 412 868 pacem
445 783 767 867 praes(³⁷)titerunt,
800 783 983 867 etquidem
1017 803 1090 846 cum
1116 782 1153 847 a¹
1176 804 1288 848 census
1311 807 1394 850 novo
1417 790 1485 850 tum

303 888 413 973 opere²
443 892 475 952 et
497 889 741 974 inadsue(³⁸)to
766 888 869 952 Gallis
893 889 933 952 ad
956 888 1076 953 bellum
1099 893 1250 954 avocatus
1274 895 1371 967 esset3
1402 893 1486 976 quod

302 1016 382 1078 opus
406 1017 501 1078 quarn
526 995 736 1078 ar(³⁹)·duum
759 995 802 1060 sit
825 994 933 1070 nobie,
965 1015 1051 1059 nunc
1074 1015 1145 1059 cum
1170 995 1316 1074 maxime,
1341 997 1487 1079 quamvis

302 1099 384 1163 nihil
407 1102 503 1180 ultra,
528 1123 625 1186 quam
649 1101 719 1184 (4⁰)
745 1105 781 1164 ut
803 1099 931 1184 publice
955 1104 1050 1164 notae
1073 1099 1139 1164 sint
1161 1100 1333 1164 facultates
1348 1106 1487 1179 nostrae,

303 1205 499 1288 exquiratur,
524 1207 621 1270 nimis
644 1205 715 1291 (Η)
742 1225 859 1290 magno
883 1205 1100 1288 experimento
1123 1207 1353 1290 cognoscimus

358 1381 409 1444 51.
446 1378 528 1444 SUO.
553 1380 600 1444 de
622 1381 858 1444 aedificiis
881 1402 964 1444 non
988 1381 1225 1457 diruendis
1249 1404 1277 1445 a.
1302 1381 1442 1446 44-56.

374 1518 401 1572 O.
422 1519 446 1572 Ι.
465 1519 498 1572 L.
519 1523 613 1586 10,158
630 1537 657 1574 a.
676 1523 749 1572 1401.
789 1520 865 1573 Haec
878 1519 961 1583 Sco,
981 1515 1095 1588 qaorum
1112 1521 1227 1574 alteram
1246 1521 1320 1574 intro
1339 1523 1487 1586 aar-46,

302 1605 416 1660 alterum
434 1624 458 1660 a.
478 1609 512 1660 56
531 1607 640 1674 factam
664 1613 715 1674 est,
743 1609 794 1660 unt
819 1607 929 1661 tabulae
947 1609 1079 1675 incompto
1098 1607 1265 1661 Hacelouei
1281 1609 1354 1662 circa
1372 1625 1400 1662 u.
1417 1611 1488 1662 1600

301 1700 407 1762 reperto
423 1701 495 1749 eunt.
535 1695 639 1748 Tabula
657 1697 719 1764 ipso
734 1697 826 1763 perdit,
845 1695 918 1748 edita
937 1701 1025 1748 uatem
1044 1701 1082 1748 est
1099 1712 1124 1748 a.
1139 1697 1209 1748 1607
1226 1712 1244 1748 a
1262 1695 1394 1764 Gapaceio
1413 1695 1486 1760 (teet.

303 1779 389 1848 Neap.
402 1783 459 1850 2,9)
468 1801 477 1849 ,·
496 1781 610 1835 alterum
631 1783 766 1851 exemplar
783 1784 862 1851 adque
880 1783 1036 1852 diliyentias
1055 1783 1215 1850 descriptura
1227 1801 1245 1836 a
1258 1783 1423 1836 Momnweno
1433 1781 1487 1835 Ρα-

301 1869 376 1922 risiis
393 1870 581 1939 inoestipotum
599 1888 624 1923 a.
644 1873 712 1924 1850
731 1870 831 1924 editam
850 1877 888 1924 est
905 1869 997 1938 Leipe.
1017 1870 1142 1923 Berichte
1158 1873 1255 1937 4,272,·
1277 1872 1385 1924 tertium
1402 1877 1439 1924 est
1457 1871 1487 1922 in

302 1956 459 2023 epistolario
480 1957 600 2011 Reirteeie'
618 1957 705 2026 (Lapa.
719 1960 798 2025 1660)
814 1975 843 2025 p.
856 1961 930 2024 202,-
947 1957 993 2011 sed
1005 1957 1124 2025 pendent
1142 1958 1262 2026 extenplo
1279 1959 1334 2011 trio
1352 1957 1488 2010 abeodem

302 2043 447 2112 archetypo
472 2045 620 2113 tabentque
646 2045 755 2099 oreadas
782 2061 931 2098 commones
950 2060 1005 2098 oon
1019 2061 1132 2113 paucus.
1175 2045 1318 2112 Utriusque
1336 2044 1387 2098 SO.
1405 2046 1507 2103 interr

298 2131 477 2198 pretationem
495 2132 582 2185 dedit:
600 2133 751 2200 Barhofea,
772 2149 884 2202 coepero.
902 2131 1009 2187 Lelerea
1027 2133 1073 2186 des
1090 2137 1156 2186 ro'rn.
1177 2131 1314 2200 ocarep,
1332 2135 1393 2198 187,
1412 2137 1487 2186 tenta

305 2215 432 2287 Capaccde'
454 2235 526 2274 usuc.
566 2220 739 2290 [Hadrianus
766 2223 796 2274 in
814 2221 929 2288 epistula
952 2221 1054 2288 sarpta
1072 2237 1097 2272 o.
1117 2223 1170 2272 127
1186 2219 1224 2272 ad
1242 2219 1488 2288 Hadrianopolitus

302 2303 515 2361 Stratonicenses
533 2325 619 2376 nuper·
636 2310 666 2362 tn
684 2310 802 2363 civitatis
815 2308 936 2376 sormunt
954 2307 1075 2360 redactos
1095 2307 1228 2372 (Bodetia
1245 2307 1277 2360 de
1289 2322 1358 2360 corr.
1371 2305 1432 2359 hell.
1453 2310 1486 2358 11

301 2410 327 2446 a.
346 2396 417 2447 1887
432 2411 460 2463 p.
479 2401 543 2458 111)
563 2397 635 2463 quod
651 2397 759 2450 scribit:
777 2399 824 2462 τὴν
844 2401 931 2448 οἰκίαν
950 2395 1028 2465 Τι[β.]
1050 2397 1182 2446 Κλαυδίου
1201 2395 1359 2458 Σωκράτους
1376 2397 1423 2461 τὴν
1443 2391 1487 2446 οὔ·

303 2499 349 2532 σαν
367 2485 394 2533 ἐν
414 2490 444 2549 τῇ
467 2482 566 2552 [ntJlet
587 2485 604 2550 ἢ
624 2487 818 2548 ἐπισκευαζὲτω
837 2485 981 2550 Σωκράτης
999 2486 1016 2549 ἢ
1037 2481 1179 2551 ἀποδό[τ]ω
1198 2487 1246 2534 τινὶ
1264 2487 1313 2532 τῶν
1332 2486 1487 2550 ἐπιχωρίων,

302 2571 338 2632 ὡς
356 2573 391 2636 μὴ
411 2574 496 2636 χρόνῳ
515 2573 628 2636 θεμελίῳ
648 2573 708 2634 (sie)
734 2573 922 2637 καταριφθείη,
945 2571 1059 2624 ostendit
1077 2575 1186 2624 eotenus
1203 2572 1376 2638 imperotores
1394 2585 1487 2622 caram

302 2655 484 2722 aedificiorum
502 2657 655 2718 attendisse,
675 2664 706 2710 ut
724 2659 805 2711 etiam
823 2659 853 2710 ia
869 2659 1017 2726 provincia
1035 2658 1138 2711 demta
1155 2658 1232 2712 aedes
1249 2673 1314 2711 anae
1326 2657 1484 2711 colludentes
1505 2667 1506 2671 ’

303 2749 457 2811 copereatar
476 2750 524 2797 out
542 2744 647 2808 reticere
665 2751 713 2797 out
731 2745 850 2799 vendere.
887 2745 936 2799 Ta.
959 2745 1006 2811 Μ.)

391 2864 415 2929 l.
441 2866 496 2930 On.
523 2867 657 2932 Hosidio
682 2865 772 2947 Geta,
796 2867 830 2931 L.
849 2867 997 2952 Vagellio
1020 2889 1083 2933 cos.
1109 2869 1157 2950 (²)
1181 2865 1210 2930 X
1234 2868 1264 2932 k.
1283 2867 1410 2932 Octobr.
1428 2865 1486 2931 Se.

391 2971 436 3054 (³)
453 2970 532 3036 Cum
552 2972 755 3054 providentia
771 2973 895 3056 optumi
910 2975 1063 3058 principis
1079 2975 1172 3038 tectis
1189 2995 1315 3058 quoque
1331 2977 1378 3055 (⁴)
1398 2973 1487 3036 urbis

302 3080 430 3140 nostrae
454 3080 487 3142 et
509 3078 611 3142 totius
637 3075 753 3142 Italiae
777 3080 961 3144 aeternitati
983 3080 1192 3164 prospexerit,
1217 3079 1332 3163 quibus
1356 3080 1403 3162 (⁵)
1419 3078 1487 3161 ipse

302 3203 365 3244 non
389 3183 492 3246 solum
515 3188 685 3267 praecepto
720 3185 1025 3268 augustissimosed
1050 3185 1147 3248 etiam
1171 3184 1330 3266 exsemplo
1355 3185 1404 3265 (⁶)
1429 3204 1487 3246 suo

301 3287 473 3370 prodesset,
498 3288 777 3372 conveniretq(ue)
801 3287 951 3353 felicitati
976 3289 1093 3353 saeculi
1109 3287 1260 3351 instantis
1276 3289 1324 3370 (⁷)
1341 3308 1398 3370 pro
1411 3309 1486 3370 por·

302 3391 388 3455 tione
410 3391 612 3475 publicorum
638 3413 771 3475 operum
795 3391 891 3456 etiam
915 3393 1115 3476 privatorum
1138 3390 1334 3469 custodirel,
1359 3391 1408 3474 (⁸)
1432 3393 1486 3456 de-

302 3496 475 3579 berentque
507 3497 671 3580 apstinere
693 3520 726 3561 se
749 3518 859 3562 omnes
882 3497 1106 3562 cruentissimo
1129 3517 1245 3581 genere
1270 3496 1316 3582 (⁹)
1339 3498 1486 3580 negotia·

302 3601 408 3678 tionis,
433 3600 580 3687 ne[qae]⁴
604 3602 858 3665 inimicissimam
883 3623 961 3684 pace
984 3601 1098 3665 faciem
1122 3601 1271 3664 inducere
1293 3599 1362 3684 (¹⁰)
1386 3601 1487 3664 ruinis

302 3705 431 3768 domum
462 3705 693 3790 villarumque,
726 3705 868 3788 placere;
903 3706 929 3770 si
961 3706 1033 3790 quis
1066 3705 1250 3790 negotiandi
1287 3725 1382 3768 causa
1415 3706 1485 3786 (¹¹)

302 3810 430 3874 emisset
460 3811 562 3894 quod⁶
594 3811 791 3890 aedificium,
825 3815 862 3874 ut
891 3811 1044 3882 diruendo
1074 3810 1146 3893 plus
1178 3809 1361 3892 adquireret
1389 3829 1486 3892 quam

302 3913 372 3997 (¹²)
389 3917 502 3998 quanti
526 3915 663 3993 emisset,
693 3919 761 3978 tum
786 3915 917 3998 duplam
941 3914 1120 3998 pecuniam,
1145 3935 1208 3997 qua
1232 3917 1391 3977 mercatus
1415 3932 1485 3978 eam

301 4039 367 4082 rem
392 4021 462 4103 (¹³)
487 4023 579 4096 esset,
607 4019 642 4082 in
665 4022 823 4084 aerarium
848 4018 973 4098 inferri,
998 4019 1110 4102 utique
1134 4019 1230 4082 dceo
1254 4018 1486 4082 nihilominus

374 4211 399 4279 1)
418 4209 463 4263 ad.
483 4239 517 4248 -—
535 4210 562 4276 2)
583 4209 624 4277 Cf.
645 4209 743 4263 Ionae
761 4225 799 4277 ep.
819 4212 869 4262 139
888 4209 926 4262 od
942 4225 968 4263 a.
988 4212 1056 4262 742.-
1075 4207 1205 4262 civitates
1227 4207 1396 4262 Germaniae
1416 4247 1441 4261 ..
1459 4248 1485 4261 ..

301 4300 503 4367 oppugnantur
524 4314 541 4350 a
559 4295 649 4352 Druso
669 4299 698 4350 et
716 4297 858 4350 tumultus
877 4295 926 4365 qui
946 4296 981 4352 ob
1000 4312 1112 4350 censum
1132 4298 1244 4351 exortus
1262 4295 1292 4348 in
1305 4294 1407 4349 Galliis
1423 4299 1486 4349 erat

301 4385 482 4454 componitur.
507 4415 542 4424 -
567 4384 594 4453 3)
612 4384 756 4440 custodiae
776 4385 816 4438 oet
835 4384 972 4440 urstodia.
992 4413 1026 4423 -
1044 4386 1073 4453 4)
1092 4399 1136 4438 ne.
1155 4413 1189 4423 -
1210 4382 1236 4452 5)
1256 4381 1405 4451 quodquod
1421 4397 1486 4451 pro·

298 4475 390 4540 poenit
409 4472 465 4526 Mo.
