3400 5254
272 454 275 458 Ι
309 384 350 446 10
847 376 953 438 Festus.

308 557 430 624 Flam
444 583 473 624 m
488 581 534 623 eo
559 559 749 624 vestimento
772 557 932 626 flaminica
955 557 1116 634 utebatur,
1149 555 1182 618 id
1206 559 1254 619 est
1279 553 1384 618 Dialis
1408 574 1491 616 uxor

306 673 339 732 et
362 666 447 730 lovis
470 665 624 742 sacerdos,
648 664 698 727 eui
714 663 813 728 telum
829 661 990 726 fulminis¹
1014 661 1123 726 eodem
1140 665 1209 726 erat
1226 663 1340 726 colore.
1375 661 1413 724 P.
1435 665 1488 724 92.

309 769 482 835 Foedus
506 768 700 853 appellatum
725 769 764 832 ab
788 790 823 832 ee
847 768 931 851 quod
955 766 989 830 iu
1006 767 1190 850 paciscendo
1215 765 1357 830 foedere⁹
1384 764 1492 829 hostia

307 864 483 953 necaretur,
507 911 550 920 ——
575 875 623 938 vel
647 875 722 957 quia
745 874 778 936 in
801 872 927 937 foedere
950 873 1175 955 interponatur
1200 871 1286 936 fides.
1334 873 1372 938 P.
1397 875 1449 936 84.

306 981 473 1046 Forata
486 1002 516 1056 s,
540 979 628 1064 frugi
645 980 804 1056 athenae,
828 978 894 1042 sive
912 977 1045 1042 validus.
1074 979 1110 1040 P.
1128 981 1180 1041 84.
1210 976 1275 1061 (οβ.
1294 975 1437 1041 Sanate
1450 975 1490 1058 s.)

309 1087 333 1150 F
346 1109 365 1150 o
377 1109 393 1149 r
406 1109 425 1149 u
439 1108 470 1149 m
495 1106 549 1148 sex
561 1085 673 1150 modis
696 1085 912 1169 intellegitur:
938 1085 1042 1166 primo
1066 1083 1296 1168 negotiationis
1323 1084 1411 1146 loeus
1420 1107 1488 1158 .-;

307 1191 381 1268 alie,
406 1191 439 1254 in
462 1211 526 1272 quo
549 1189 665 1254 iudicia
689 1189 768 1267 fieri,
792 1211 863 1252 eum
887 1190 1006 1272 populo
1030 1189 1093 1274 agi,
1117 1189 1280 1253 contiones
1303 1171 1414 1254 haberi
1437 1209 1490 1252 so-

307 1295 389 1372 lent;
414 1297 520 1372 tertio,
544 1317 615 1359 aum
638 1293 693 1372 is⁸,
718 1295 772 1378 qui
797 1295 980 1378 provinciae
1003 1299 1138 1377 praeest,
1162 1294 1268 1358 forum
1295 1317 1389 1380 agere
1412 1293 1492 1358 dioi-

307 1407 376 1476 tur,
409 1423 480 1464 eum
514 1401 658 1464 civitates
690 1406 787 1464 voest
817 1401 907 1464 etde
930 1400 1153 1464 controversiis
1177 1422 1287 1464 eorum
1311 1399 1491 1485 cognoscit3

307 1511 434 1591 quarta,
458 1529 529 1570 oum
553 1507 585 1569 id
608 1506 715 1570 forum
739 1506 865 1588 antiqui
889 1506 1106 1589 appellabant,
1131 1506 1214 1590 qued
1239 1527 1323 1569 nuno
1347 1505 1491 1570 vestibu-

307 1613 374 1676 lum
398 1611 533 1695 sepuleri
557 1611 656 1674 dicari
679 1611 762 1674 solet
786 1617 856 1676 cett.
903 1613 940 1675 P.
966 1617 1019 1676 84.

309 1718 542 1802 Fulgurita
554 1741 593 1793 m,
618 1717 649 1780 id
667 1717 750 1800 quod
776 1722 823 1780 est
839 1717 975 1782 fulmine
991 1719 1100 1795 iatum,
1119 1718 1174 1800 qui
1191 1718 1277 1782 loeus
1293 1717 1403 1780 statim
1420 1715 1490 1780 fieri

308 1823 483 1907 putabatur
499 1822 677 1906 religiosae,
694 1823 779 1906 quod
796 1845 867 1887 eum
885 1823 961 1886 deus
978 1823 1039 1886 sibi
1056 1823 1175 1886 dieasse
1192 1823 1360 1887 videretur.
1384 1823 1423 1886 P.
1435 1827 1490 1886 92.

307 1928 559 1992 Fundus-
582 1928 697 1992 dieitur
721 1929 857 2012 populus
882 1950 948 1992 esse
973 1929 1027 2006 rei,
1062 1927 1174 2011 quum⁴
1198 1928 1327 2004 alienat,
1358 1927 1419 1990 hoo
1442 1932 1493 1989 est

307 2039 430 2122 errator,
476 2035 513 2097 P.
539 2038 590 2098 89.

309 2135 414 2206 (lens
431 2137 499 2202 Ael
509 2139 547 2200 ia
564 2137 754 2220 appellatur,
771 2159 854 2222 quae
866 2159 904 2200 ex
917 2137 1027 2200 multis
1041 2137 1173 2200 familiis
1186 2137 1365 2202 conficitur.
1390 2138 1428 2200 P.
1438 2141 1490 2200 94.

308 2243 506 2307 Gentilis
530 2243 647 2306 dieitur
671 2245 702 2304 et
725 2264 763 2305 ex
787 2241 896 2306 eodem
919 2261 1035 2324 genere
1058 2245 1158 2320 ortua,
1190 2245 1222 2306 et
1245 2241 1281 2320 is,
1313 2241 1369 2326 qui
1392 2241 1493 2307 simili

308 2349 435 2411 nomine
458 2347 647 2432 appellatur,
673 2351 709 2410 ut
732 2347 778 2411 ait
794 2345 938 2411 Cincius:
962 2344 1116 2410 ‘Gentiles
1141 2348 1220 2411 mihi
1237 2353 1323 2426 sunt,
1347 2349 1402 2432 qui
1419 2369 1492 2412 meo

307 2453 436 2517 nomine
459 2454 683 2537 appellantur'.
730 2455 766 2516 P.
793 2457 845 2517 94.

307 2558 447 2624 Grave
471 2579 540 2622 aes
564 2557 683 2622 dietum
709 2582 727 2621 a
751 2559 900 2642 pondere,
925 2559 1001 2642 quia
1024 2559 1097 2622 deni
1121 2580 1216 2638 asses,
1240 2557 1362 2643 singuli
1385 2560 1493 2642 pondo

307 2663 416 2736 libras,
441 2661 627 2727 efficiebant
651 2664 827 2740 denarium,
858 2663 898 2726 ab
922 2663 982 2726 hoc
1006 2665 1075 2746 ipso
1099 2685 1230 2728 numero
1254 2665 1383 2728 dietum.
1430 2662 1493 2728 Sed

308 2768 391 2832 bello
415 2767 536 2831 Punico
559 2768 696 2850 populus
721 2768 896 2844 Romanus,
920 2789 1047 2850 pressus
1071 2790 1143 2832 aere
1160 2767 1274 2844 aliena,
1299 2791 1337 2834 ex
1354 2769 1494 2854 singulis

308 2873 434 2936 assibus
459 2872 599 2936 librariis
625 2893 715 2937 senos
739 2872 826 2948 feeit,
852 2873 906 2954 qui
930 2872 1119 2938 tantundem
1144 2878 1180 2938 ut
1195 2874 1244 2936 illi
1261 2875 1404 2938 valerent
1420 2880 1491 2938 cett.

307 2979 345 3040 P.
372 2983 423 3042 98.
472 2976 537 3062 (Of.
563 2975 844 3060 Sextantari.)

307 3083 468 3148 Hastae
484 3083 701 3146 subiciebantb
718 3104 764 3158 ea,
782 3104 863 3164 quae
878 3081 1004 3164 publice
1017 3081 1252 3160 venundabant,
1270 3082 1346 3165 quia
1361 3081 1493 3166 siguum

309 3190 512 3274 praecipuum
539 3187 663 3273 [beliil]
691 3193 739 3253 est
762 3188 857 3251 hasta
881 3193 949 3251 cett.
997 3189 1034 3250 P.
1058 3193 1131 3252 101.

306 3293 340 3358 H
352 3317 368 3358 e
380 3318 396 3357 r
408 3317 424 3358 e
437 3294 507 3358 diu
523 3317 554 3356 m
579 3294 744 3376 praedium
771 3293 950 3376 parvulum.
997 3294 1035 3358 P.
1062 3290 1132 3356 99]

306 3399 447 3464 Heres
472 3401 554 3482 apud
579 3400 729 3482 antiquos
755 3421 813 3482 pro
836 3399 965 3462 domino
989 3398 1177 3481 ponebatur.
1223 3400 1261 3463 P.
1287 3405 1339 3463 99.

308 3505 530 3569 Horetum
555 3509 586 3568 et
609 3502 625 3566 f
637 3507 809 3566 oretum
836 3524 893 3585 pro
917 3501 1001 3566 bono
1026 3502 1180 3566 dicebant.
1228 3504 1266 3566 P.
1292 3500 1385 3567 102.8

306 3607 553 3674 Hordiarium
582 3632 661 3685 aes,
698 3608 781 3691 quod
812 3630 870 3690 pro
894 3607 1012 3672 hordeo
1039 3607 1139 3691 equiti
1166 3605 1312 3670 Romano
1340 3607 1491 3672 dabatur.

308 3717 345 3778 P.
371 3720 446 3780 102.

302 3811 499 3894 'Hortus
531 3819 614 3902 apud
639 3822 790 3906 antiquos
814 3822 917 3884 omnis
943 3821 1019 3883 villa
1042 3819 1217 3897 dicebatur,
1242 3820 1326 3903 quod
1350 3819 1406 3896 ibi,
1433 3821 1493 3904 qui

305 3943 396 3986 arma
419 3945 530 4006 capere
553 3926 688 4006 possint,
712 3926 886 3989 orirentur.
935 3927 970 3988 P.
998 3930 1074 3989 102.

309 4031 368 4037 “”
397 4059 562 4128 anamim
581 4061 614 4116 e.
643 4093 673 4102 -
692 4064 719 4132 a)
739 4061 817 4118 rosae
836 4061 903 4125 aar,
924 4061 978 4116 aaa
1001 4062 1028 4115 a
1052 4093 1082 4100 -
1102 4061 1128 4132 a)
1147 4061 1190 4115 ns
1212 4063 1284 4116 uus
1305 4094 1337 4102 -
1356 4061 1386 4131 4)
1406 4077 1494 4132 quem

305 4149 377 4202 libri.
413 4148 493 4219 [Vide
511 4167 575 4204 aum
593 4157 691 4220 apator
709 4167 763 4203 aaa
782 4150 814 4203 de
831 4167 868 4216 re,
887 4151 934 4204 aed
950 4151 984 4204 de
995 4166 1046 4203 reo.
1075 4147 1125 4202 Ta.
1140 4149 1189 4218 ld]
1209 4179 1243 4188 -
1262 4149 1289 4220 5)
1307 4152 1347 4204 sie
1365 4149 1439 4206 libri.
1459 4183 1494 4192 —

307 4237 334 4306 6)
352 4237 419 4290 belli
439 4238 488 4290 ias.
509 4235 581 4290 Mae.
609 4237 717 4303 [Malim
736 4235 852 4291 dominii
873 4255 889 4292 a
909 4238 1013 4308 populo
1031 4235 1160 4306 quaesiti.
1188 4235 1229 4288 Tu
1258 4238 1494 4307 M.]*7)P1ia,

305 4325 518 4392 a.a.19,4,50.·
546 4325 576 4378 iu
601 4323 652 4378 Xll
672 4324 779 4380 tabulis
801 4355 830 4364 -·
851 4343 989 4396 nusquam
1019 4323 1182 4380 nominatur
1210 4324 1295 4387 villa,
1324 4340 1434 4395 semper
1463 4330 1497 4386 in

306 4411 510 4482 significatione
528 4413 669 4478 eubertus,
693 4412 723 4466 in
742 4413 817 4468 horti
838 4429 903 4469 vero
923 4413 1075 4468 heredium.
1106 4408 1148 4479 Of.
1172 4411 1266 4478 Varro,
1285 4429 1307 4466 r.
1326 4430 1348 4465 r.
1368 4418 1436 4482 1‚10.
1459 4447 1496 4457 —

305 4502 334 4569 8)
351 4518 375 4555 o.
395 4507 455 4554 tom.
476 4501 496 4554 Ι
507 4519 537 4570 p.
556 4504 588 4554 18
606 4502 659 4555 tab.
679 4502 704 4568 1,
714 4505 738 4555 5.
758 4531 791 4539 -
810 4503 837 4569 9)
857 4501 954 4556 hostus
974 4499 1051 4556 GM.
